2782 4574
434 249 544 330 LXIX.
575 248 792 306 ΔΡΑΠΕΤΑΙ
813 249 941 306 19-94.’
1140 242 1199 307 181

171 352 257 426 ὥστε
275 357 401 425 πολλού
418 350 481 442 ἤδη
497 355 616 441 χρόνον
636 350 798 422 ἀδύνατόν
814 380 874 440 μοι
885 356 1052 442 γεγένηται
1070 353 1130 425 κάν
1143 357 1201 426 ἕνα

169 457 243 528 τινὰ
256 460 533 545 προσαγαγέσθαι
547 453 663 539 αὐτῶν,
680 453 764 523 ἀλλὰ
775 455 814 524 τὸ
827 463 886 545 τῆς
894 457 1087 546 Πηνελόπης
1097 457 1200 527 έκεῖνο

169 561 306 645 πάσχω·
334 556 461 628 ὁπόσον
483 557 544 647 γάρ
568 557 607 646 δὴ
631 557 695 646 έγώ
720 557 893 647 ἐξυφήνω,
906 565 1005 631 τούτο
1029 559 1063 628 έν
1085 557 1202 651 ἀκαρεῖ

170 654 273 743 αὖθις
291 659 481 730 ἀναλύεται·
503 658 682 749 ἡέίμαθία
700 662 736 729 δὲ
752 664 808 729 καί
824 657 845 750 ἦ
859 658 983 730 Άδικία
1004 659 1200 750 ἐπιγελῶσιν

169 761 298 852 δρῶσαι
323 761 555 854 ἀνεξέργαστον
580 759 657 852 ἡμῖν
682 763 721 832 τὸ
749 763 846 853 Ιἐ’ργον
871 767 926 832 καί
958 760 1112 853 ἀνήνυτον
1141 764 1199 834 τὸν
1233 792 1243 827 .’

167 866 285 945 πόνον.

215 984 322 1040 «ΖΕΥΣ
351 967 421 1050 Οἷα,
442 959 469 1034 ιό
487 970 574 1051 θεοὶ,
593 973 765 1038 πέπονθεν
781 965 859 1057 ἡμῖν
876 964 896 1057 ἡ
913 971 1100 1058 Φιλοσοφία
1112 968 1199 1059 πρὸς
1217 992 1251 1041 τε

131 1110 135 1113 -
166 1077 234 1140 τῶν
247 1071 439 1158 καταράτων
453 1069 591 1138 ἐκείνων.
620 1067 705 1139 ὥστε
723 1067 795 1161 ῶρα
809 1083 945 1140 σκοπεῖν
958 1068 979 1140 ὀ
991 1099 1026 1139 τι
1042 1075 1099 1139 καὶ
1111 1097 1200 1162 πρα-

165 1194 260 1240 κτεον
282 1168 416 1260 ἢόπως
433 1170 551 1251 αύτούς
572 1176 812 1257 μετελευστέον.
850 1171 867 1241 ὁ
885 1172 1023 1261 μὲνγὰρ
1044 1173 1200 1263 κεραυνὸς

167 1272 293 1362 ἀπάγει
310 1281 372 1363 μιᾷ
390 1277 497 1364 πληγῇ
515 1277 571 1341 καὶ
590 1272 607 1342 ὀ
626 1277 775 1355 θάνατος
791 1277 913 1359 ταχύς·
1044 1294 1047 1299 ’

219 1393 331 1448 ΑΠΟΛ.
354 1376 434 1464 Ἐγῶ
450 1402 513 1459 σοι,
535 1367 691 1465 ὦπάτερ,
711 1374 946 1466 ἀποθήσομαι·
964 1385 1053 1463 μισῶ
1067 1377 1199 1467 γὰρκαὶ

167 1476 268 1559 αὐτὸς
281 1476 342 1568 ἤδη
357 1477 435 1558 τοὺς
448 1477 608 1561 ἀλαζόνας
623 1477 790 1564 ἀμούσους
805 1476 910 1562 ὀντας,
930 1476 1014 1568 ύπὲρ
1028 1486 1094 1547 τῶν
1107 1491 1199 1547 Μου-

166 1589 235 1650 σῶν
254 1579 458 1669 ἀγανακτῶν·
480 1589 637 1672 κεραυνοῦ
655 1583 713 1667 μὲν
731 1579 838 1670 γὰρῆ
855 1589 912 1669 τῆς
930 1589 989 1670 σῆς
1012 1582 1123 1663 δεξιᾶς
1142 1579 1199 1648 ού-

167 1684 311 1769 δαμῶς
296 1697 412 1752 εκεῐνοι
427 1680 525 1765 ἀξιοι,
544 1683 601 1752 τὸν
612 1682 726 1773 Ἑρμῆν
741 1681 831 1751 δὲ
777 1685 1027 1810 αοτοκράτορα,
1048 1683 1078 1752 εί
1097 1685 1196 1765 δοκεῖ,

166 1794 226 1875 τῆς
247 1787 413 1865 κολάσεως
434 1786 724 1912 κατάπεμψονόπ
722 1784 877 1868 ἀὐτούς
909 1787 946 1867 ὃς
973 1782 1031 1854 ἀτε
1054 1785 1093 1874 δὴ
1120 1791 1199 1874 περὶ

109 1936 110 1939 ¹
141 1888 330 1976 ’λόγους”
311 1914 402 1972 εχων
414 1891 470 1955 καὶ
492 1886 591 1967 αύτὸς
612 1889 751 1972 τάχιοτα
774 1889 898 1956 είσεται
919 1888 997 1969 τούς
1023 1915 1060 1956 τε
1084 1886 1199 1979 ὀρθῶς

167 1994 436 2079 φιλοσοφοῦντας
457 1994 512 2058 καὶ
533 1989 610 2070 τοὺς
627 1993 688 2077 μή·
713 1988 784 2058 εἶτα
801 1988 878 2069 τοὺς
894 1991 954 2073 μὲν
977 1988 1196 2072 ἐπαινέσεται,

167 2090 215 2172 ῶς
232 2090 271 2160 τὸ
290 2091 386 2174 εἰκὸς,
407 2093 440 2159 ολ
459 2092 495 2162 δὲ
512 2093 791 2180 κολασθήσονται,
812 2087 905 2170 ὅπως
924 2088 964 2159 ἀν
983 2090 1093 2181 ἐκείνῳ
1113 2090 1199 2181 πρὸς

167 2193 225 2263 τὸν
243 2193 357 2285 καιρὸν
376 2196 465 2284 δοκῇ.

220 2312 321 2369 ΖΕΥΣ.
356 2289 406 2364 E&
423 2300 540 2384 λέγεις,
561 2287 769 2365 ὦῖίπολλον.
806 2291 962 2361 ἀλλὰκαὶ
981 2293 1035 2377 σὺ,
1061 2287 1197 2385 ιόἨρά-
1215 2320 1249 2369 23

167 2402 267 2480 κλεις,
293 2395 362 2483 ἀμα
379 2402 434 2467 καὶ
455 2398 513 2487 τὴν
534 2402 737 2486 Φιλοσοφίαν
760 2393 859 2484 αὐτὴν
881 2396 1007 2479 ἔχοντες
1030 2396 1129 2466 ἀπιτε
1150 2395 1198 2479 ῶς

136 2502 309 2584 ,τάχιστα
335 2501 368 2582 ἐς
393 2499 450 2570 τὸν
475 2507 562 2588 βίον·
594 2501 860 2588 τρισκαιδέκατον
884 2507 963 2586 γοῦν
989 2492 1096 2570 ἆθλον
1124 2502 1195 2569 α’ίοο

48 2680 56 2687 ‚
166 2610 284 2671 τοῦτον
303 2601 340 2671 ού
359 2603 475 2692 μικρὸν
493 2603 678 2684 ἐκτελέσειν,
697 2600 736 2690 ἢν
754 2602 896 2692 ἐκκόψῃς
914 2602 1020 2694 μιαρὰ
1038 2600 1124 2671 ούτω
1143 2600 1199 2670 καὶ

127 2735 131 2741 ·
169 2701 367 2789 ἀναίσχυντα
385 2713 502 2795 θηρία.

219 2823 405 2879 ΗΡΑΚΔΗΣ.
432 2811 499 2877 Καὶ
515 2807 632 2929 μὴνι
597 2805 620 2875 ἀ
619 2834 739 2893 μεινον
737 2836 794 2896 ην,
815 2834 842 2874 ω
860 2809 977 2898 πάτερ,
997 2807 1054 2894 τὴν
1072 2807 1197 2897 κόπρον

168 2910 354 3000 εκκαθᾶραι
377 2902 530 2989 αὖθις
494 2937 554 2998 την
571 2908 758 2997 Αύγείου’
736 2938 756 2998 η
779 2911 910 2990 τούτοις
934 2913 1197 3055 συμπλέκεσθαι.

67 3041 71 3045 ’
167 3010 325 3097 ἀνιῶμεν
340 3010 404 3080 δ
384 3038 484 3097 ομως.

221 3130 298 3186 ΦΙΔ
328 3112 464 3200 Ακουσα
480 3115 550 3200 μέν,
572 3112 816 3201 ἀκολουθητέον
835 3114 871 3179 δὲ
892 3113 975 3179 κατὰ
995 3112 1038 3180 τὰ
1057 3115 1199 3196 δόξαντα

166 3224 216 3306 τῶ
235 3223 349 3304 πατρί.

175 3326 178 3334 ’
219 3334 358 3391 ΕΡΜΗΣ.
392 3325 574 3403 Κατίωμεν,
595 3313 641 3398 ῶς
657 3313 717 3385 κάν
735 3313 866 3403 ὀλίγους
884 3313 992 3384 αὐτῶν
1011 3315 1198 3404 έπιτρίψω-
1216 3336 1275 3388 κισ
1314 3322 1315 3325 ’

166 3447 228 3509 μεν
245 3422 394 3510 τήμερον.
435 3427 536 3490 ποίαν
558 3422 595 3489 δὲ
618 3420 678 3509 χρὴ
704 3425 912 3508 τραπέσθαι,
941 3410 1198 3509 ὦΦιλοσοφία,·

168 3521 209 3593 σὺ
226 3523 288 3615 γάρ
308 3519 451 3592 οἶσθα“
431 3550 517 3593 οπου
537 3521 674 3593 είσίν.’
660 3553 684 3612 η
674 3518 904 3612 πρόδηλον“
885 3548 937 3590 οτι
955 3521 1015 3590 έν
1000 3547 1039 3611 τῃ
1025 3519 1198 3605 Ἑλλάδι,

219 3643 297 3701 ΦΙΔ.
336 3624 553 3713 Οόδαμῶς,
531 3628 658 3716 ηπάνυ
678 3621 836 3713 ὀλίγοι,
822 3623 898 3693 όοοι
921 3622 1036 3712 ὀρθῶς
1058 3627 1199 3719 φιλοσο-

167 3737 300 3820 φοῦσιν,
324 3721 352 3797 ὦ
370 3727 478 3819 Ἑρμῆ.Ι
520 3720 611 3796 οὗτοι
634 3731 669 3797 δὲ
692 3725 786 3807 ούδέν
805 3725 947 3814 Λττικῆς
968 3752 1030 3797 που
1031 3733 1085 3804 ίας
1031 3726 1199 3793 ίδέον-

99 3857 103 3863 ·
165 3860 237 3915 τοι,
258 3830 329 3900 ἀλλ
346 3833 430 3901 ’ἔνθα
449 3829 556 3910 πολύς
575 3830 696 3919 χρυσὸςι
717 3828 738 3919 ἢ
761 3826 901 3971 ἀργυρος
923 3826 1107 3984 ὀρύττεται,
1132 3825 1200 3901 ἐκεῖ

167 3960 234 4005 που
254 3937 403 4024 ζητητέοι
421 3930 540 4002 εἰσὶν
521 3946 608 4023 ημῖν.
1279 3961 1282 3968 ·

218 4053 304 4112 EPM
342 4035 463 4108 Ούκοόν
480 4034 564 4123 εόθδ
582 4043 640 4126 τῆς
659 4033 783 4125 θρᾴκης
802 4029 970 4103 ἀπιτέον.
