2748 4572
225 229 271 301 ’ίῑί
611 240 863 315 Λοεσῐισου

222 352 470 440 μαντευόμενος
490 350 551 432 τὰς
577 351 762 442 ἐφημέρους
793 352 916 431 ἐκείνας
943 352 1085 441 πράξεις
1116 342 1271 425 ἐσέσθων

224 453 313 544 αύτῷ
331 452 399 523 ὖπὸ
418 462 552 545 πονηρῷ
566 463 613 543 τῷ
627 456 752 544 πρώτῳ
766 459 822 523 καὶ
836 455 998 544 δυσφήμῳ
1012 458 1259 545 κληδονίσματι.Ι

219 559 258 629 ἐν
276 557 357 648 ἀρχῇ
376 561 412 628 δέ
429 564 485 628 καλ
503 560 536 629 ἐν
553 560 677 648 θύραις
695 558 753 627 ἐπὶ
769 566 809 649 τῇ
827 560 943 649 πρώτη
963 559 1066 646 ἐξόδῳ
1080 562 1135 626 καλ
1150 558 1261 628 ἕωθεν

222 670 283 732 τοῦ
310 659 458 743 ἅπαντας
485 662 578 741 ἔτους
605 662 638 730 εί
660 689 711 742 τις
737 662 806 730 ἰ’δοι
831 663 977 730 κίναιδον
1000 665 1057 729 καί
1084 658 1261 751 ἀπόρρητοι

193 832 198 841 ,
222 772 386 834 ποιοῦντα
403 769 458 833 καὶ
475 765 661 853 πάσχουτα,
686 765 848 852 ἐπίσημον
871 764 929 833 ἐπὶ
949 764 1058 853 ταύτην
1079 768 1135 832 καὶ
1154 762 1262 854 άπερ-

223 868 360 957 ρωγότα
371 872 428 935 καὶ
444 871 618 953 μονονουχὶ
634 864 780 952 τοόνομα
796 875 864 947 τῶν
881 867 983 955 ἐργων
1004 864 1113 936 αὐτῶν
1136 865 1261 953 ὄνομα·
1292 946 1299 966 Ι

188 988 195 995 ’
224 968 412 1055 ζόμευον,’
392 979 571 1039 απατεῶνα
587 971 753 1059 γόηταπ
710 970 753 1039 ἐπ
755 977 864 1059 ίσρκον
882 967 1032 1058 δ’λεθρον
1041 970 1178 1058 κύφωνα
1194 971 1262 1056 βά-

223 1080 361 1164 ραθρον,
380 1072 426 1162 μή
445 1074 564 1198 φόγηι
551 1073 672 1162 μηδΗ
642 1074 757 1200 εικάσηγ
775 1081 891 1142 τοῦτον
909 1070 1087 1163 ἀποφράδι
1103 1070 1228 1162 ήμέρηι,·

173 1197 206 1248 18
272 1174 351 1245 AM?
369 1173 441 1261 οόχλ
460 1177 499 1245 σὺ
518 1174 687 1300 τοιοήτοςς
709 1175 768 1245 ούκ
785 1204 825 1244 αν
844 1177 976 1305 ἐξαρνος
997 1181 1119 1263 γένοιο,
1144 1177 1174 1243 εί
1192 1176 1259 1263 ἐγὼ

222 1277 281 1404 τήη
298 1276 411 1370 άνδρεί
412 1304 450 1349 αν
473 1276 605 1348 οῖδα
571 1308 629 1404 την
652 1278 720 1368 σήν,
745 1276 783 1359 ός
805 1305 841 1367 γε
863 1282 919 1346 καὶ
941 1285 1025 1367 μέγα
1043 1291 1182 1405 φρονεῖν
1200 1278 1260 1347 ἐπὶ

135 1378 136 1385 ¹
222 1383 330 1471 τούτῳ
356 1407 416 1468 μοι
443 1378 614 1465 δοκεῖς,’
581 1407 646 1463 ,οτι
671 1381 717 1471 μή
735 1380 930 1451 άπόλλοταί
956 1406 1011 1450 σοι
1036 1378 1056 1469 ή
1084 1383 1166 1463 δόξα
1191 1389 1259 1452 τῶν
1361 1392 1362 1469 ᾗ

223 1482 338 1572 ἐργων,
367 1482 451 1553 ἀλλὰ
474 1492 562 1554 πάσι
585 1487 682 1575 δῆλος
705 1482 737 1553 ελ
760 1488 815 1552 καὶ
841 1485 1049 1573 περιβόητος.
1090 1485 1121 1552 εί
1143 1486 1180 1552 δέ
1201 1489 1259 1554 καλ
1361 1476 1362 1533 7

223 1584 328 1671 ὁμόσε
347 1587 532 1677 χωρήσειας
554 1591 610 1655 καὶ
632 1585 791 1676 ἀρνήσαιο
814 1587 858 1676 μή
885 1594 1036 1666 τοιοῦτος
1062 1583 1160 1670 εἶναι,
1187 1596 1260 1674 τίσι

221 1687 328 1756 πιστὰ
356 1688 456 1779 ἐρεῖς,·
482 1703 554 1770 τοῖς
579 1694 735 1770 πολίταις
760 1704 832 1769 τοῖς
859 1705 948 1774 σοῖς,·
970 1728 1012 1739 -
1039 1688 1168 1757 ἐκεῖθεν
1193 1690 1258 1782 γὰρ

223 1786 389 1879 δι’ρχεσθαι
408 1795 535 1860 δίκαιον
552 1832 595 1843 -—
614 1790 682 1860 οἰλλ>
697 1795 810 1861 ἰ’σασιν
828 1793 946 1860 ἐκεῖνοι
961 1790 1022 1872 τὰς
1039 1795 1176 1878 πρώτας
1195 1819 1256 1862 σου

221 1891 351 1983 τροφὰς
364 1898 420 1961 καὶ
434 1892 480 1975 ιδς
492 1895 664 1986 παραδοὺς
677 1895 815 1964 σεαυτὸν
827 1904 875 1984 τηῖ
888 1893 1019 1985 ὀλέθρῳ
1030 1894 1140 1983 ἐκείνῳ
1156 1920 1259 1985 στρα-
1298 1984 1306 1989 .

222 1998 326 2087 τιάτη
345 2004 654 2088 συμπεριεφθείρου
672 2000 783 2066 πάντα
800 1996 982 2087 ύπηρετιῦν,
1007 1994 1083 2088 δι’χρι
1102 1999 1142 2087 δή
1161 2025 1199 2067 σε
1216 2000 1256 2068 τό

223 2107 283 2168 τοῦ
302 2101 401 2189 λόγου
419 2108 517 2170 τούτο
532 2103 640 2194 ,ῥάκος
662 2104 860 2186 πολυσχιδὲς
883 2101 1103 2195 ἐργασάμενος
1126 2101 1255 2183 ἐξέωσε.

171 2222 204 2273 19
221 2200 353 2275 κᾶκεῖνα
369 2209 557 2294 μέμνηνται,
578 2202 624 2285 ιδς
640 2205 679 2274 τὸ
699 2204 794 2287 εἰκὸς,
815 2205 836 2271 ἃ
854 2203 940 2292 πρὸς
952 2203 991 2273 τό
1006 2208 1150 2293 θέατρον
1166 2206 1257 2273 ἐνεα-

140 2369 147 2377 .
221 2307 330 2375 νιεόου
348 2321 421 2388 τοῖς
439 2306 613 2399 ὀρχησταῖς
630 2306 886 2399 ύπονρινόμευος
899 2311 955 2375 καὶ
968 2310 1260 2398 συνταγματάρχης

223 2406 325 2490 ἀξιῶν
348 2407 442 2479 εἶναι.
488 2410 597 2492 οόδείς
618 2418 696 2498 γοῦν
723 2409 791 2497 πρὸ
820 2418 881 2479 σοῦ
909 2408 948 2478 άν
977 2411 1130 2498 εἰσῆλθεν
1156 2411 1190 2490 ἐς
1215 2411 1256 2479 τὸ

221 2517 369 2600 θέατρον
386 2510 458 2580 οὐδ’
470 2511 510 2583 ἂν
523 2512 679 2601 ἐμήνυσεν
693 2509 713 2581 ό
725 2541 758 2582 τι
771 2512 917 2598 τοόνομα
929 2521 977 2602 τῷ
997 2516 1148 2600 δράματι,
1169 2510 1257 2582 ἀλλὰ

223 2613 263 2682 σὺ
276 2621 422 2700 κοσμίως
434 2616 533 2698 πάνυ,
546 2624 671 2705 χρυσᾶς
685 2616 832 2703 ἐμβάδας
844 2616 925 2700 έχων
934 2620 991 2684 καί
1002 2616 1130 2705 ἐσθῆτα
1138 2643 1264 2706 πυράν--

201 2715 318 2806 ’νικήη
338 2723 613 2807 προεισεπέμπου
634 2717 802 2849 εόμένειαη
819 2720 963 2845 αἰτήσων
981 2719 1075 2809 παρὰ
1092 2727 1152 2787 τοῦ
1170 2720 1257 2787 θεά-

220 2846 310 2909 τρου,
327 2821 510 2909 στεφάνους
522 2823 662 2906 κομίζων
676 2826 732 2889 καὶ
744 2823 851 2909 κρότῳ
865 2818 977 2893 άπιων
994 2819 1055 2944 ήδη
1069 2824 1257 2908 τιμώμενος

164 2999 167 3005 ,
220 2920 307 3011 πρὸς
325 2920 442 2992 αότῶν.
480 2920 563 2991 άλλόι
584 2932 639 2993 νῦν
661 2926 768 3014 ῥήτωρ
792 2923 823 2992 εί
839 2928 895 2991 καὶ
913 2926 1084 3014 σοφιστής.
1122 2951 1177 2991 και
1166 2924 1255 2993 δἰὰ

221 3031 320 3093 τοῦτο
341 3022 381 3114 ἢν
402 3027 583 3095 πύθωνταί
603 3052 687 3095 ποτε
709 3026 751 3095 τὰ
773 3035 912 3095 τοιαῦτα
933 3025 1018 3117 ὑπὲρ
1042 3035 1103 3096 σοῦ
1126 3027 1255 3111 ἐκεῖνοι,
1356 3028 1361 3037 ’

220 3134 319 3197 τοῦτο
343 3127 438 3218 δὴ
404 3155 443 3197 το
467 3128 502 3222 ἐκ
523 3136 582 3217 τῆς
603 3132 803 3220 τραγῳδίας,
823 3128 910 3199 “δυό
933 3132 1031 3218 μέν
1013 3128 1069 3197 υλί
1056 3138 1126 3211 ίοος
1148 3128 1255 3219 δρᾶν”

221 3230 392 3329 δοκούσι,“
393 3215 575 3313 (δισσὰςδέ
586 3230 732 3362 θήβας·”
751 3237 807 3300 καὶ
821 3235 997 3359 πρόχειροη
1012 3230 1138 3301 άπασιν
1152 3231 1257 3361 εδθής

220 3334 269 3417 τὸ,
285 3333 467 3416 ’έκεῖνοςῑ
450 3362 468 3404 ο
486 3336 563 3404 τότε
580 3339 647 3403 και
643 3354 713 3421 μετ
710 3334 878 3420 'helvas'
897 3337 1068 3426 τοιγάρτοι
1085 3340 1141 3404 καὶ
1155 3333 1256 3416 αὖτὸς

221 3428 258 3504 εδ
276 3446 384 3507 ποιῶν
403 3436 461 3505 οὐκ
483 3436 666 3524 ἐπιβαίνεις
686 3437 726 3508 τὸ
749 3442 911 3566 παράπαγ
935 3437 1008 3508 οὐδ’
1024 3439 1257 3565 ἐπιχωριάζεις

221 3536 344 3622 αὐτοῖς,
364 3537 448 3608 άλλδι
466 3542 598 3631 φεύγεις
609 3540 693 3611 ἑκὼν
705 3540 908 3631 πατρίδα’
867 3569 942 3611 ουτε
953 3556 1053 3627 χεῖμα
1065 3543 1165 3629 κακήν
1179 3538 1256 3610 σύτο

219 3649 318 3734 θέρει
336 3640 506 3734 όιργαλέαν,
528 3642 613 3713 ἀλλὰ
626 3649 799 3735 καλλίστην
812 3649 867 3713 καλ
880 3652 1035 3735 μεγίστην
1046 3654 1113 3714 τιῦν
1127 3645 1160 3712 ἐν
1176 3656 1256 3713 Φοι-

218 3753 290 3838 νίκῃ
318 3745 474 3816 ἁπασῶν·
505 3748 544 3816 τὸ
570 3748 633 3839 γὰρ
661 3749 855 3838 ἐλέγχεσθαι
881 3752 936 3816 καλ
962 3762 1034 3829 τοῖς
1065 3749 1174 3818 εἰδόσι
1198 3750 1266 3814 καλ

219 3857 435 3938 μεμνημένοις
451 3859 517 3921 τῶν
535 3854 643 3921 πάλαι
661 3852 790 3921 ἐκείνων
809 3865 954 3921 συνεῖναι
970 3853 1091 3941 βρόχος
1110 3849 1155 3930 ὥς
1174 3847 1255 3937 άληὶ

219 3960 296 4032 θῶς
314 3952 384 4022 ἐστι
403 3978 467 4024 σοι.
503 3963 613 4024 καίτοι
629 3962 664 4024 τί
680 3962 785 4024 ταῦτα
803 3958 891 4046 ληρῶ
897 3986 908 4039 ,·
931 3963 1005 4023 τίνα
1022 3954 1085 4043 γὰρ
1105 3952 1145 4021 ἐν
1164 3953 1256 4020 αἰδε-

219 4062 340 4144 σθείης
358 4058 416 4143 σός
433 4063 468 4126 τί
485 4055 517 4127 δ’
533 4056 574 4129 δν
592 4058 726 4147 αἰσχρὸν
743 4057 884 4149 ήγήσαιο
901 4067 967 4129 τῶν
985 4056 1153 4142 ὖστάτωνς
1170 4081 1254 4125 παν-
