2748 4572
216 241 292 315 ,168
460 302 464 308 ,
632 216 890 305 κοκκτεκοε

147 370 149 377 ’
239 362 357 425 τοίνυν
375 354 529 438 οἰώμεθα
546 360 612 421 τῶν
626 349 835 442 Ἀλεξάνδρου
855 355 961 442 φίλων
978 349 1073 439 παρὰ
1089 348 1148 419 τὸν
1164 349 1284 441 καιρδν
1360 368 1361 401 ἒ

249 458 370 527 ἐκεῖνον
393 454 583 524 ἀπολαῦσαι
603 462 660 544 τῆς
678 453 915 545 Ἡφαιστίωνος
937 453 1115 541 θεότητος,
1143 455 1285 544 διαβλη-
1360 514 1361 539 ;

187 620 196 641 ,
250 556 415 639 θέντας
390 585 436 637 ως
455 556 491 625 οῦ
509 565 632 644 τιμῶσι
649 557 706 626 τὸν
723 558 831 625 κοινὸν
854 555 1010 624 ἁπάντων
1031 555 1124 640 θεὸν,
1148 560 1205 624 καὶ
1224 554 1283 625 διδι

249 670 348 730 τοῦτο
372 656 587 742 ἐξελαθέντας
607 664 663 729 καὶ
683 668 741 749 τῆς
761 667 822 727 τοῦ
843 663 1007 745 βασιλέως
1030 657 1200 738 εὐνοίας
1186 685 1286 727 εκπε-
1360 690 1361 717 1

199 787 231 837 18
252 765 386 848 σόντας,·
411 763 488 831 τότε
508 767 565 830 καὶ
583 760 821 850 Αγαθοκλῆςς
805 790 823 831 ο
845 764 972 847 Σάμιος
993 764 1177 853 ταξιαρχῶν
1199 759 1281 851 παρ’

246 866 443 954 Αλεξάνδρῳ
461 869 516 933 καὶ
533 867 716 950 τιμώμενος
733 862 811 989 παρ’
824 864 924 933 αῦτοῦ
942 872 1060 950 μικροῦ
1080 867 1148 932 δεῖν
1162 889 1285 952 συγκα-
1360 928 1361 931 ,

250 976 396 1058 θείρχθη
424 972 531 1036 λέοντι
558 964 802 1055 διαβληθελς“
782 994 834 1035 οτι
866 969 1035 1057 δακρύσειε
1062 965 1194 1056 παριὼν
1223 965 1284 1035 τὸν

221 1070 486 1160 ’Ἡφαιστίωνος
507 1071 643 1159 τάφον.
667 1067 734 1136 ἀλλ’
751 1069 860 1158 ἐκείνην
883 1072 941 1154 μὲν
956 1077 1130 1158 βοηθῆσαι
1152 1072 1284 1156 λέγεται

249 1175 432 1262 Περδίκκας
455 1171 707 1263 ἐπομοσάμενος
726 1172 811 1240 κατὰ
837 1173 971 1263 πάντων
998 1180 1089 1239 θεῶν
1115 1175 1170 1239 καὶ
1197 1171 1283 1239 κατὰ

247 1274 494 1366 Ἡφαιστίωνος,
516 1271 626 1361 ἀειδῆ
645 1282 870 1361 κυνηγετοῦντί
887 1275 920 1341 οἱ
937 1281 1081 1363 φανέντα
1095 1272 1211 1362 ἐναργῆ
1225 1273 1284 1342 τὸν
1359 1280 1361 1353 j

250 1377 333 1444 θεὸν
362 1376 548 1465 ἐπισκῆψαι
575 1378 680 1444 εἰπεῖν
702 1374 901 1464 Ἀλεξάνδρῳ
930 1383 1119 1466 φείσασθαι
1141 1374 1284 1463 ιίέγαθο-

250 1482 376 1558 κλέους·
396 1477 433 1545 ού
452 1479 514 1567 γὰρ
534 1476 579 1557 ὡς
597 1476 802 1545 ἀπιστοῦντα
821 1477 896 1547 οὐδὲ
915 1477 960 1559 ὡς
979 1479 1035 1546 ἐπὶ
1049 1486 1150 1566 νεκρῷ
1164 1480 1284 1568 δακρῦ-

252 1606 317 1662 σαι,
339 1578 424 1648 ἀλλά
439 1587 497 1667 τῆς
514 1581 622 1647 πάλαι
640 1588 819 1667 συνηθείας
837 1583 1114 1669 μνημονεύσαντα.
1360 1652 1361 1655 ,

200 1706 232 1754 19
299 1679 383 1749 ‘H5’
401 1674 457 1749 οῦν
474 1685 627 1749 κολακεία
645 1680 735 1769 καὶῆ
761 1683 897 1771 διαβολῆ
916 1686 991 1751 τότε
1009 1686 1154 1768 μάλιστα
1170 1685 1284 1772 χώραν

252 1784 325 1867 ἐσχε
342 1778 428 1869 πρὸς
445 1781 483 1850 τὸ
498 1781 707 1870 Ἀλεξάνδρου
725 1782 843 1909 πάθος
865 1793 1096 1915 συντιθεμένη·
1123 1788 1282 1913 καθάπερ
1360 1854 1361 1871 2

165 1920 174 1929 -
250 1886 312 1974 γὰρ
332 1885 365 1952 ἐν
382 1883 614 1974 πολιορκίην
578 1911 636 1952 ουκ
655 1885 713 1953 ἐπὶ
728 1886 771 1954 τὰ
793 1886 909 1976 δψηλὰ
930 1894 986 1956 καὶ
1009 1887 1205 1977 ἀπόκρημνα
1226 1892 1284 1955 καὶ

142 2062 145 2075 Ι
193 2042 194 2046 ,
250 1987 387 2076 ἀσφαλῆ
408 1994 466 2054 τοῦ
492 1994 619 2070 τείχους
642 1995 823 2077 προσίασιν
851 1993 884 2057 οι
910 1995 994 2059 πολε
993 2018 1080 2075 ιιοι,
1109 1982 1217 2058 ἀλλ’ἶ
1197 2020 1217 2080 η
1242 1989 1283 2060 ἀν
1360 1976 1361 2031 ί

252 2088 442 2179 ἀφύλακτόν
459 2117 492 2156 τι
509 2086 642 2177 μέροςῆ
656 2091 784 2180 σαθρὸν
799 2093 1024 2187 αἴσθωνται”
1003 2123 1023 2181 η
1038 2092 1204 2176 ταπεινὸν,
1222 2094 1283 2161 ἐπὶ
1360 2086 1361 2147 3

251 2199 348 2260 τοῦτο
367 2192 459 2280 πάσῃ
479 2193 614 2278 δυνάμει
630 2201 792 2322 χωροῦσιν
811 2193 856 2285 (ἐς
874 2198 979 2285 ῥᾷστα
1001 2200 1206 2322 παρεσδῦναι
1226 2200 1284 2263 καί

251 2293 336 2362 ἑλεῖν
355 2291 591 2378 δυνάμενοι,
558 2292 644 2362 ούται
663 2299 718 2362 καὶ
738 2323 770 2364 οι
761 2296 1057 2383 (διαβάλλοντεςΨ
1038 2327 1056 2366 ο
1074 2327 1108 2367 τι
1122 2298 1161 2367 ἀν
1176 2297 1284 2366 ἀσθε-
1360 2334 1361 2341 ¹

155 2460 158 2465 .
251 2397 303 2475 νές
315 2397 415 2464 ἰ’δωσι
423 2403 480 2483 τῆς
489 2403 597 2484 ψυχῆς
605 2401 660 2464 καὶ
673 2391 871 2486 ὑπόσαθρον
884 2403 939 2467 καὶ
953 2398 1155 2486 εάεπίβατον,
1171 2402 1282 2488 τούτῳ
1360 2436 1361 2445 2

252 2499 501 2582 προσβάλλουσι
518 2502 574 2563 καὶ
589 2502 799 2586 προσάγουσι
811 2502 872 2582 τὰς
884 2503 1037 2588 μηχανὰς,
1056 2508 1112 2572 καὶ
1122 2506 1216 2582 τέλος
1230 2502 1284 2570 ἐκ·

252 2602 469 2688 πολιορκοῦσι
498 2599 638 2689 μηδενδς
664 2599 941 2688 ἀντιταττομένου
963 2608 1046 2691 μηδέ
1075 2605 1132 2695 τῆν
1160 2588 1284 2692 ἐφοδού

253 2702 467 2787 αἰσθομένου.
504 2701 560 2770 εἶτ’
578 2702 713 2772 ἐπειδὰν
730 2705 821 2784 ἐντὸς
840 2702 933 2787 άπαξ
948 2715 1013 2774 τῶν
1031 2715 1146 2791 τειχῶν
1164 2713 1284 2794 γένων-

250 2831 320 2886 ται,
348 2808 561 2891 πυρπολοῦσι
585 2808 694 2873 πάντα
717 2811 772 2875 καί
794 2809 913 2876 κύουσι
934 2812 990 2875 καὶ
1014 2812 1205 2898 σφάττουσι
1226 2813 1285 2876 καὶ

253 2906 487 2989 ἐξελαύνουσιν,
512 2907 568 2974 οἶα
586 2908 672 2987 εἰκὸς
690 2909 903 2999 ἁλισκομένης
925 2919 1033 2998 ψυχῆς
1054 2916 1110 2980 καὶ
1129 2912 1284 3000 ἐξηνδρα-

201 3031 234 3078 20
253 3001 454 3096 ποδισμίνης
473 3009 557 3103 Ξέργα1
569 3007 662 3077 εἶναι.
698 3014 915 3099 μηχανήματα
934 3017 970 3081 δέ
989 3013 1103 3094 αὐτοῖς
1120 3014 1203 3082 κατὰ
1221 3021 1283 3081 τοῦ
1360 3064 1361 3071 1

252 3107 429 3190 ἀκούοντος
446 3108 468 3198 5
484 3137 520 3178 τε
539 3110 650 3200 ἀπάτη
670 3117 725 3180 καὶ
741 3113 780 3182 τὸ
799 3117 925 3213 ψεῦδος
942 3120 998 3185 καὶ
1016 3115 1036 3204 5
1056 3116 1210 3206 ἐπιορκία
1227 3121 1284 3194 καί

251 3214 522 3303 προσλιπάρησις
540 3219 595 3282 καὶ
612 3213 827 3300 ἀναισχυντία
843 3222 900 3286 καὶ
913 3218 998 3286 ἀλλα
1010 3227 1113 3311 μυρία
1127 3222 1284 3310 ῥᾳδιουρ-

251 3317 397 3402 γήματα·
425 3314 445 3404 5
466 3318 502 3384 δέ
520 3315 559 3404 δὴ
577 3325 712 3407 μεγίστη
735 3327 854 3388 πασῶν
877 3319 896 3409 ῆ
920 3325 1074 3389 κολακεία
1096 3322 1181 3405 ἐστὶ,
1207 3348 1285 3411 συγ-

253 3417 358 3505 γενῆς,
377 3422 502 3496 μᾶλλον
522 3421 557 3486 δέ
576 3417 702 3510 ἀδελφῆ
720 3450 772 3502 τις
791 3414 875 3491 οάσα
892 3432 952 3513 τῆς
970 3426 1136 3513 διαβολῆς.
1173 3423 1285 3504 οὐδεὶς

251 3526 329 3604 γοῦν
356 3518 442 3586 ούτοι
469 3523 625 3607 γεννάδας
651 3522 721 3591 ἐστὶ
750 3530 807 3592 καὶ
837 3525 1057 3612 ἀδαμάντινον
1087 3541 1195 3610 τεῖχος
1225 3531 1286 3616 τῆς

232 3628 360 3708 ,ψυχῆς
381 3628 660 3712 προβεβλημένος,
691 3628 727 3706 ὃς
750 3626 809 3695 οὐκ
832 3626 872 3696 ἀν
899 3629 1006 3719 ἐνδοίη
1030 3629 1117 3720 πρὸς
1139 3628 1200 3709 τὰς
1226 3637 1286 3717 τῆς

251 3727 422 3805 κολακείας
440 3728 647 3813 προσβολὰς,
668 3733 724 3796 καὶ
740 3738 846 3798 ταῦτα
864 3730 1115 3822 ὑπορυττούσης
1131 3735 1188 3799 καὶ
1206 3730 1285 3811 τοὺς

251 3830 428 3910 θεμελίους
446 3827 653 3919 ῦφαιρούσης
670 3839 727 3920 τῆς
746 3828 912 3922 διαβολῆς.

201 3949 233 3996 21
294 3930 433 3996 ’Καὶτὰ
454 3934 513 4016 μέν
536 3932 627 4013 ἐκτὸς
648 3942 767 4002 ταῦτα·
796 3937 932 4006 ένδοθεν
955 3940 991 4006 δέ
1013 3942 1136 4007 πολλαὶ
1158 3938 1287 4026 προδο-
1360 4010 1361 4017 ,

251 4035 324 4096 σίαι
341 4037 613 4119 συναγωνίζονται
630 4035 689 4116 τάς
704 4053 816 4129 χεῖρας
835 4035 1010 4129 ὀρέγουσαι
1026 4045 1082 4110 καὶ
1098 4040 1158 4122 τὰς
1176 4042 1287 4118 πύλας
1360 4032 1361 4113 ι
