2748 4572
173 262 175 267 .
238 205 284 273 26
626 218 882 276 ΛΟΥΚΙΑΝΟΥ

239 319 416 410 μαστόν,·”,
436 319 528 392 εἶπεν
550 322 777 411 ύύίντίγονος·
801 318 889 411 “syth
911 322 973 412 γὰρ
996 322 1073 392 οἶδά
1094 350 1168 392 τινα
1189 314 1307 409 μεεδι’

237 425 389 514 είκοστὴν
406 422 528 516 ἡμέραν
545 424 566 516 ἡ
588 417 608 518 ἡ
627 426 733 516 έιάφη
757 424 957 509 ἀναστάντα,
980 427 1197 513 θεραπεύσας
1217 430 1278 495 καὶ

238 527 308 618 πρὸ
326 537 383 598 τοῦ
403 532 553 596 θανάτου
570 533 626 596 καὶ
644 529 719 598 ἐπεὶ
737 527 853 618 ἀνέστη
870 528 929 598 τὸν
947 526 1160 617 άνθρωπον.”
1193 527 1278 599 “ml

239 629 348 714 πῶς,”
377 623 416 720 ἡν
439 630 470 700 δ’
486 631 563 721 ἐγὼ,
588 629 647 701 “bv
669 633 791 701 ε’έκοσιν
812 630 950 720 ἡμέραις
972 629 1047 699 οὐτε
1070 632 1212 722 έμύδησε
1234 631 1276 701 τὸ

240 742 339 820 σῶμα
366 734 442 805 οὐτε
470 731 576 814 άλλως
597 732 665 803 ὐπὸ
688 738 783 821 λιμοῦ
808 726 977 826 διεφθάρη
984 765 995 820 ,·
1023 735 1053 803 εί
1073 734 1119 823 μή
1141 736 1216 805 τινά
1236 760 1277 824 γε

236 835 444 924 Ἐπιμενίδην
463 839 503 906 οὐ
522 864 559 925 γε
577 835 838 928 έθεράπευσας.”

185 964 220 1013 27
288 937 369 1026 Ἅμα
385 948 490 1009 ταῦτα
507 941 666 1027 λεγόντων
682 938 776 1031 ἡμῶν
795 940 998 1029 ἐπεισῆλθον
1016 941 1050 1008 οἱ
1066 948 1126 1009 τοῦ
1144 939 1277 1032 Εὐκρά-

238 1070 317 1124 τους
333 1044 403 1112 υἱοὶ
419 1042 455 1112 έκ
472 1051 529 1133 τῆς
547 1047 768 1133 παλαίστρας,
789 1041 806 1113 5
825 1046 884 1129 μέν
902 1040 963 1132 ἤδη
983 1043 1019 1125 έξ
1036 1043 1178 1132 δφὴβωυ,
1199 1042 1217 1112 5
1237 1047 1277 1114 δέ

239 1147 351 1239 ἕτερος
369 1144 458 1237 ἀμφὶ
474 1145 517 1215 τά
535 1148 768 1215 πεντεκαίδεκα
786 1147 850 1235 ἀτη,
869 1151 927 1213 καλ
939 1144 1174 1231 ἀσπασάμενοι
1185 1144 1277 1236 ἡμᾶς

240 1249 436 1333 ἐκαθέζοντο
455 1249 513 1318 ἐπὶ
530 1256 587 1338 τῆς
604 1253 712 1337 κλίνης
729 1249 823 1340 παρὰ
840 1257 888 1337 τῷ
911 1256 1029 1336 πατρί·
1052 1248 1126 1334 ἐμοὶ
1150 1251 1186 1319 δέ
1205 1250 1277 1319 εἰσ-

239 1360 404 1441 εκομίσθη
427 1355 562 1441 θρόνος.
602 1356 659 1420 καὶ
680 1350 699 1420 5
718 1351 889 1442 Εὐκράτης
911 1348 1025 1442 ὥσπερ
1049 1349 1278 1442 ἀναμνησθείς

239 1454 325 1545 πρὸς
342 1454 400 1544 τὴν
419 1453 501 1542 ὄψιν
517 1462 583 1522 τῶν
600 1456 706 1537 υἱέων,
727 1451 858 1535 ((οὐτως
881 1452 1047 1543 ἀναίμην,”
1073 1454 1150 1545 ἔφη,
1171 1453 1279 1524 “τού-

240 1555 325 1626 των”
347 1597 389 1608 -
408 1557 577 1644 ἐπιβαλὼν
591 1555 703 1626 αὐτοῖν
717 1557 775 1646 τὴν
783 1572 877 1648 χεῖρα
890 1598 931 1608 -
943 1555 1013 1638 αιύς
1027 1555 1147 1647 ἀληθῆ,
1168 1548 1196 1625 ὦ
1212 1569 1279 1627 Tu-

237 1662 350 1747 χιάδη,
379 1662 465 1749 πρός
487 1684 524 1728 σε
548 1659 622 1749 ἐρῶ.
667 1658 738 1748 τὴν
746 1667 920 1750 μακαρῖτίν
945 1687 1008 1746 μου
1036 1674 1186 1749 γυναῖκα,
1213 1658 1277 1751 τὴν

238 1764 366 1831 τούτων
384 1768 522 1850 μητέρα,
547 1764 669 1843 πάντες
686 1764 799 1831 ἴσασιν
817 1760 910 1844 ὅπως
927 1761 1099 1852 ἠγάπησα·
1122 1763 1277 1853 ἐδήλωσα

240 1867 277 1933 δὲ
296 1865 348 1946 οἱς
365 1870 445 1954 περὶ
463 1862 563 1953 αὐτὴν
582 1865 709 1956 ’ἔπραξα
729 1863 766 1933 οὐ
786 1866 893 1949 ζῶσαν
910 1868 1019 1952 μόνον,
1044 1865 1113 1934 ἀλλ’
1126 1866 1199 1935 έπεί
1217 1870 1278 1937 καὶ

240 1968 407 2050 ἀπέθανε,
430 1969 542 2037 τόντε
559 1970 683 2054 κόσμον
700 1965 833 2037 ἅπαντα
856 1972 1126 2057 συγκατακαύσας
1142 1974 1198 2039 καὶ
1214 1969 1277 2060 τὴν
1366 2056 1367 2059 ¹

242 2073 370 2161 έσθὴτα
392 2063 413 2161 ἡ
437 2073 528 2154 ζῶσα
552 2071 687 2162 ἐ’χαιρεν.
730 2073 854 2162 ἑβδόμῃ
874 2074 909 2141 δέ
930 2073 1015 2158 μετὰ
1036 2071 1094 2164 τὴν
1120 2073 1276 2162 τελευτὴν

239 2172 345 2265 ἡμέρᾳ
363 2174 426 2262 ἐγὼ
445 2177 503 2260 μὲν
526 2174 671 2244 ἐνταῦθα
694 2176 752 2244 ἐπὶ
773 2184 830 2265 τὴς
851 2180 959 2263 κλίνης
982 2172 1095 2263 ὥσπερ
1117 2184 1173 2245 νῦν
1192 2176 1278 2249 έκείε

238 2305 301 2366 μην
324 2280 629 2364 παραμυθούμενος
655 2277 694 2346 τὸ
721 2285 862 2360 πένθος·
890 2278 1122 2367 ἀνεγίγνωσκον
1148 2278 1210 2369 γάρ
1232 2279 1276 2349 τὸ
1365 2344 1366 2347 ,

239 2384 319 2470 περὶ
345 2388 453 2468 ψυχῆς
478 2387 536 2449 τοῦ
558 2383 734 2462 Πλάτωνος
755 2386 884 2468 βιβλίον
911 2378 962 2469 ἐφ’
981 2379 1131 2468 ἡσυχίας·
1159 2380 1280 2450 ἐπεισ-

241 2488 371 2572 έρχεται
397 2484 433 2550 δὲ
454 2483 576 2568 μεταξὺ
603 2482 623 2572 ἡ
647 2491 831 2573 Δημαινέτη
856 2481 937 2570 αὐτὴ
965 2482 1067 2569 έκείνη
1094 2486 1150 2549 καὶ
1170 2490 1278 2553 καθί-

240 2586 331 2668 ζεται
348 2589 489 2675 πλησίον
508 2582 621 2676 ὥσπερ
635 2594 690 2655 νῦν
704 2584 908 2674 Εὐκρατίδης
924 2582 1067 2666 οὐτοσί,”
1089 2586 1198 2667 δείξας
1215 2584 1277 2656 τὸν

239 2689 396 2778 νεώτερον
413 2696 479 2757 τῶν
497 2691 609 2758 υἱέων·
633 2687 652 2757 5
671 2690 707 2757 δὲ
725 2685 841 2755 αὐτίκα
860 2687 972 2776 ἐ’φριξε
994 2687 1085 2771 μάλα
1108 2689 1276 2769 παιδικῶς

238 2795 294 2863 καὶ
306 2792 421 2859 ’πάλαι
441 2788 503 2879 ἤδη
528 2790 633 2883 ὠχρὸς
653 2783 693 2881 ἦν
714 2790 800 2879 πρὸς
816 2789 874 2878 τὴν
897 2791 1056 2878 διήγησιν.
1093 2788 1181 2878 “έγώ
1204 2788 1273 2871 δέ,”
1364 2820 1365 2867 ,

239 2886 259 2982 ἡ
285 2891 316 2961 δ>
333 2893 371 2974 ὃς
393 2892 411 2962 5
430 2893 613 2984 Εὐκράτης,
635 2891 706 2973 α(ὃς
730 2890 827 2972 εἶδον,
851 2897 1068 2984 περιπλακεὶς
1090 2891 1173 2984 αὐτῇ
1196 2894 1276 2969 έδά-
1364 2922 1365 2947 ¹

164 3032 166 3037 .
238 3022 335 3085 κρυον
358 2994 583 3077 ἀνακωκύσας·
610 2995 630 3084 ἡ
659 2999 695 3063 δέ
721 2994 779 3064 ὀὐκ
801 2998 854 3065 ε’ία
875 3004 968 3083 βοᾶν,
997 2993 1067 3090 ἀλλ’Ι
1080 2995 1195 3086 ᾐτιᾶτό
1218 3023 1273 3081 με,
1364 3070 1365 3073 χ

240 3095 293 3168 ὅτι
309 3098 352 3168 τά
370 3095 454 3167 ἀλλα
471 3101 581 3168 πάντα
596 3100 817 3185 χαρισάμενος
835 3097 917 3191 αὐτῇ
940 3101 1085 3190 θάτερον
1106 3114 1177 3169 τοῖν
1195 3125 1277 3168 σαν-

240 3204 353 3271 δάλοιν
378 3216 512 3290 χρυσοῖν
540 3199 646 3271 ὄντοιν
674 3200 712 3271 οὐ
735 3206 988 3288 κατακαύσαιμι.
1026 3201 1110 3271 εἶναι
1132 3204 1169 3269 δέ
1191 3200 1273 3271 αὐτὸ
1364 3266 1365 3277 ,

240 3406 300 3491 οὐχ
326 3406 477 3500 εὐρόντες
502 3402 648 3499 θάτερον
673 3411 774 3493 μόνον
801 3408 992 3493 ἐκαύσαμεν.
1038 3408 1087 3476 έτι
1118 3410 1156 3477 δὲ
1179 3406 1275 3496 ἡμῶν

239 3512 481 3599 διαλεγομένων
506 3512 691 3600 κατάρατόν
721 3537 755 3578 τι
782 3512 925 3577 κυνίδιον
954 3507 1022 3578 ἀπὸ
1049 3517 1090 3600 τῇ
1119 3515 1209 3599 κλίνῃ
1237 3507 1275 3578 δν
1356 3586 1362 3605 Ι

127 3632 130 3637 “
239 3618 420 3684 Μελιταῖον
443 3612 633 3701 ἡλάκτὴσεν,
656 3610 676 3700 ἡ
701 3614 738 3680 δέ
759 3610 932 3702 ἠφανίσθη
955 3612 1042 3699 πρὸς
1058 3612 1115 3701 τὴν
1137 3611 1274 3701 ὑλακήν·
1363 3636 1364 3679 ν

239 3717 277 3785 τὸ
304 3724 418 3801 μέντοι
441 3718 617 3785 σανδάλιον
639 3712 766 3804 ηύρέθη
788 3712 856 3783 ὐπὸ
878 3723 918 3806 τῇ
940 3722 1071 3804 κιβωτῷ
1097 3717 1154 3783 καὶ
1179 3739 1276 3783 κατε·
1363 3802 1364 3805 ¹

189 3841 224 3891 κο
242 3821 352 3909 καύθη
370 3817 517 3906 ὕστερον.
555 3819 605 3887 έτι
623 3815 776 3887 άπιστεῖν
794 3820 934 3901 τούτοις,
955 3810 983 3886 ὦ
1005 3820 1159 3907 Τυχιάδη,
1181 3816 1276 3900 ἀξιον
1363 3812 1364 3821 “

241 3921 409 4010 ἐναργέσιν
432 3914 507 3990 οὐσι
528 3925 585 3991 καὶ
606 3921 690 3990 κατὰ
711 3920 770 4011 τὴν
797 3919 922 4010 ἡμέραν
948 3921 1086 4011 ἑκάστην
1113 3927 1276 4011 φαινομέ-
1331 3944 1336 3951 ·
1362 3954 1363 3959 “

193 4082 198 4091 ,
238 4022 348 4110 νοις,·”
370 4022 442 4111 “μά
459 4022 546 4110 Ae?
566 4017 604 4116 ἡν
623 4023 653 4093 δ’
671 4025 750 4114 ἐγώ·
770 4022 870 4097 “Suel
887 4025 1039 4114 σανδάλῳ
1057 4051 1095 4114 γε
1110 4032 1222 4115 χρυσῷ
1242 4024 1276 4105 ές
