2782 4574
235 189 299 257 176
561 236 565 239 —
622 198 875 255 ΛΟΥΚΙΑΝΟΥ
943 210 945 215 ‘

232 313 307 393 βίον
333 304 464 385 ἀδικίας
488 306 544 373 καὶ
569 308 784 404 παρανομίας
804 300 938 387 μεστὸν,
967 298 1027 369 ἀτε
1054 297 1190 391 ἀμαθία
1210 304 1267 371 καλ

233 406 326 535 ν’βρει
344 406 496 491 συνόντα,
520 409 576 474 καὶ
597 407 753 496 ταραττόγ
741 431 837 491 μενον
854 402 910 473 ἀπ
926 402 1042 487 αὐτῶν,
1067 406 1266 493 κατελεήσας

197 598 199 603 Ι
233 510 272 581 τὸ
291 508 542 601 ἀνθρώπινον
523 509 592 578 υπὸ
609 517 649 600 τῇ
666 507 762 598 ἀγνοί
762 536 784 597 ηι
802 505 1067 592 ἐλαννόμενονίμ
1070 507 1268 593 ὲκατίπεμ-

237 628 322 703 ψας,
347 613 569 699 ἐντειλάμενος
588 612 832 701 ἐπιμεληθῆναι
848 608 895 691 ὥς
912 611 1099 679 παύσαιντο
1116 611 1175 696 μὲν
1194 608 1270 681 ἀδι-

236 724 367 797 κοῦντες
387 714 548 804 ἀλλήλους
565 720 622 783 καὶ
638 717 829 803 βιαζόμενοι
850 717 907 782 καὶ
924 709 1025 798 όμοια
1042 725 1114 794 τοῖς
1131 720 1268 804 θηρίοις

235 826 393 905 βιοῦντες,
411 816 656 907 ἀναβλέψαντες
670 821 706 886 δὲ
719 818 805 906 πρὸς
812 815 871 906 τήν
886 814 1048 941 ἀλήθειαν
1062 816 1269 906 εἰρηνικώτε-

234 950 294 1049 ρον
308 923 617 1008 συμπολιτευοιντο
632 922 769 1012 ἔφησθα
783 928 859 1008 γοῦν
873 921 959 1049 πρός
973 944 1015 1004 με
1028 926 1266 1005 καταπέμπων,

195 1075 199 1081 =
234 1022 282 1092 “6
272 1025 359 1110 μὲν
375 1026 580 1114 πράττουσιν
603 1026 636 1093 οἱ
658 1021 836 1111 ἀνθρωποι
859 1019 979 1102 καλάς
1001 1019 1217 1089 διάκεινταιι
1198 1020 1267 1090 υπὸ
1381 1102 1382 1109 ¹

162 1166 166 1173 ·
235 1135 293 1251 τής
312 1120 529 1213 ἀμαθίας,
502 1154 528 1195 ω
547 1129 708 1254 θύγατερ,
733 1131 788 1213 καὶ
806 1112 892 1213 αντη
906 1122 1000 1250 όρήις·
1025 1123 1087 1212 ἐγὼ
1111 1126 1161 1207 66,
1187 1123 1269 1192 ἐλεῶ
1330 1184 1340 1198 l

236 1229 298 1320 γὰρ
314 1225 479 1313 αάτοδς,σ
458 1231 537 1310 06⁰
520 1259 558 1320 ην
570 1232 671 1321 μόνην
686 1226 890 1299 ἷάσασθαι’
868 1256 907 1296 αν
920 1227 963 1295 τὰ
975 1228 1148 1316 γιγνόμενα
1162 1224 1267 1312 οἶμαι,
1381 1224 1382 1233 ’

236 1340 415 1423 προκρίνας
434 1335 470 1416 ἐξ
486 1331 642 1402 ἀπάντων
659 1331 751 1422 ήμῶν
768 1337 892 1417 πέμπω
913 1328 1135 1419 ἰασομένην.”“

203 1459 219 1506 ο
289 1453 392 1509 ΖΕΥΣ.
410 1480 414 1493 ‚
430 1433 511 1505 Οἶδα
534 1434 642 1506 πολλὰ
663 1439 720 1503 καὶ
740 1442 844 1502 ταῦτα
866 1432 969 1502 είπάνν
990 1435 1076 1502 τότε.
1114 1431 1154 1501 σὺ
1175 1431 1270 1501 δὲτὰ

237 1537 321 1623 μετὰ
334 1547 439 1607 ταῦτα
456 1536 518 1628 ήδη
538 1542 619 1627 λέγε,
640 1535 733 1617 όπως
750 1539 809 1623 μὲν
826 1534 1025 1619 δπεδίξαντό
1046 1561 1083 1604 σε
1099 1561 1271 1604 καταπτα-

236 1647 334 1729 μένην
350 1642 389 1710 τὸ
409 1649 550 1728 πρῶτον,
572 1638 667 1710 ἀτινα
686 1643 793 1731 δὲινῦν
812 1637 868 1707 ἀπ’
880 1637 989 1707 αὐτῶν
1006 1644 1194 1719 πέπονθας.

290 1761 365 1815 ΦΙΛ.
386 1735 465 1836 Ηξο
482 1734 598 1828 μὲν,
570 1769 596 1810 ω
616 1745 731 1832 πάτερ,
752 1740 809 1811 οάκ
827 1742 885 1811 ἐπὶ
901 1741 979 1822 τοὺς
989 1737 1142 1831 Ἕλληνας
1156 1738 1268 1823 εάθδς,

238 1843 343 1917 66²⁰
323 1872 406 1936 οπερ
430 1846 536 1914 ἐδόκει
557 1871 616 1930 μοι
635 1847 871 1929 χαλεπώτατον
892 1854 952 1914 τοῦ
980 1844 1073 1948 ἔργον
1103 1842 1202 1927 εἶναι,
1230 1844 1270 1915 τὸ

238 1951 427 2040 βαρβάρους
444 1950 616 2019 παιδεύειν
633 1975 689 2017 και
678 1950 881 2031 διδάσκειν,
901 1949 999 2016 τοῦτο
1013 1954 1146 2035 πρῶτον
1159 1945 1272 2036 ἠξίουν

209 2084 221 2095 ··
240 2054 463 2143 ἐργάσασθαι·
487 2051 525 2119 τὸ
541 2050 721 2141 Ἑλληνικὸν
740 2053 828 2120 δὲ’
796 2078 871 2120 τιων
895 2048 940 2130 ὥς
962 2054 1082 2141 ῥᾷστον
1105 2049 1273 2137 ὑποβαλέ-

211 2208 215 2214 2
239 2165 325 2225 σθαι
342 2159 398 2227 καὶ
414 2156 566 2238 τάχιστα,
592 2151 637 2236 ὥς
658 2182 694 2242 γε
714 2153 813 2243 ᾤμην,
839 2154 1045 2239 ἐνδεξόμενον
1066 2153 1123 2221 τὸν
1139 2152 1272 2236 χαλινόν

239 2263 295 2327 καὶ
311 2257 589 2346 ὑπαχθησόμενον
606 2266 654 2346 τη]
673 2259 767 2346 ζυγῷ,
788 2255 961 2345 όρμήσασοι
981 2258 1016 2324 δὲ
1035 2256 1081 2335 εἷς
1095 2254 1214 2335 Ἰνδοδς
1231 2255 1271 2324 τὸ

239 2369 385 2453 πρῶτον,
415 2360 513 2440 ἔθνος
538 2366 691 2448 μέγιστον
717 2368 783 2429 τῶν
811 2360 843 2446 ἐν
869 2367 917 2447 τῷ
942 2366 1020 2448 βίφ,
1054 2355 1092 2426 06
1117 2362 1274 2442 χαλεπῶς

240 2464 359 2532 ἔπειτα
381 2464 587 2549 καταβάντας
609 2460 678 2531 ἀπὸ
706 2469 772 2531 τῶν
800 2462 985 2552 ἐλεφάντων
1012 2461 1087 2547 ἐμοὶ
1112 2474 1273 2530 συνεῖναι·

241 2563 327 2637 ὥστε
353 2570 408 2634 καὶ
433 2571 525 2654 γένος
552 2561 627 2635 όλον
655 2565 688 2633 οἱ
708 2573 899 2655 Βραχμᾶνες
924 2577 995 2646 τοῖς
1016 2570 1192 2655 Νεχραίοις
1216 2568 1276 2632 καλ

238 2667 444 2760 Ὀξυδράκαις
462 2664 581 2758 ὅμοροι
600 2660 694 2736 οὗτοι
715 2669 837 2748 πάντες
859 2665 914 2736 ὑπ’
931 2668 1006 2754 ἐμοὶ
1026 2670 1200 2736 τάττονται
1216 2671 1276 2736 καὶ

240 2778 354 2860 βιοῦσί
374 2798 410 2840 τε
431 2769 514 2839 κατὰ
536 2770 577 2839 τὰ
600 2768 677 2860 ἡμῖν
701 2773 873 2854 δοκοῦντα,
897 2773 1079 2858 τιμώμενοι
1100 2768 1187 2861 πρὸς
1206 2777 1276 2838 τῶν

241 2880 418 2964 περιοίκων
441 2871 606 2954 ἀπάντων,
634 2877 690 2942 καὶ
712 2870 966 2962 ἀποθνήσκουσι
988 2875 1178 2965 παράδοξόν
1199 2900 1278 2943 τινα

240 2985 300 3046 τοῦ
319 2977 468 3045 θανάτου
487 2978 622 3067 τρόπον.

209 3101 223 3148 ν
291 3095 394 3151 ΖΕΥΣ.
433 3079 515 3160 Τοὺς
531 3080 798 3171 γυμνοσοφιστὰς
816 3084 929 3168 λέγεις.
957 3077 1065 3148 ἀκοόω
1084 3080 1221 3168 γοῦνίτά
1239 3106 1279 3149 τε

242 3181 327 3251 ἀλλα
344 3187 423 3273 περὶ
441 3181 549 3252 αὐτῶν
567 3179 660 3251 καλ“
641 3210 694 3251 οτι
712 3182 769 3252 ἐπὶ
790 3182 900 3307 πυρὰν
922 3187 1077 3308 μεγίρτην
1095 3180 1279 3268 ἀναβάντες

145 3295 148 3310 “
241 3284 412 3370 ἀνέχονται
428 3288 585 3372 καόμενοι
608 3283 778 3355 οὐδὲντοῦ
802 3287 973 3415 σχήματος
984 3313 1004 3373 η
1026 3293 1084 3374 τής
1105 3288 1279 3375 καθέδρας

242 3388 333 3478 ίκτρί
333 3414 461 3469 παντες.
489 3386 557 3456 ἀλλ
568 3416 607 3457 ου
594 3386 709 3477 ’μέγα
725 3395 837 3457 τοῦτο·
857 3374 989 3476 ἕναγχός
1005 3396 1082 3476 γοῦν
1091 3384 1155 3457 καλ
1165 3387 1278 3474 Ὀλυμ-

242 3498 343 3560 πίασι
366 3490 405 3558 τὸ
429 3488 545 3578 ὅμοιον
569 3489 631 3580 ἐγὼ
659 3488 747 3559 εἶδον
772 3492 956 3578 γενόμενον
985 3490 1072 3572 εἰκὸς
1099 3493 1135 3560 δὲ
1159 3494 1215 3559 καὶ
1238 3491 1280 3560 σλ

242 3604 399 3682 παρεῖναι
416 3600 575 3679 καομένου
594 3594 671 3663 τότε
688 3600 747 3662 τοῦ
765 3599 925 3683 γέροντος.

295 3712 370 3767 ΦΙΛ.
407 3694 489 3765 Οὐδὲ
507 3694 660 3785 ἀνῆλθον,
682 3688 709 3764 6
727 3698 847 3785 πάτερ,
867 3698 916 3778 εἷς
929 3695 1104 3784 Ὀλυμπίαν
1123 3699 1191 3765 δίει
1207 3703 1277 3765 τῶν

242 3799 435 3890 καταράτων
453 3799 590 3881 ἐκείνων,
616 3800 672 3880 οὓς
690 3800 780 3890 δφην,
805 3796 857 3868 ότι
874 3801 1020 3882 πολλοὺς
1037 3800 1144 3869 αάτιῦν
1163 3800 1280 3889 ἑτάρων

244 3898 418 3985 ἀπιόντας,
444 3901 490 3984 ὡς
507 3903 756 3994 λοιδορήσαιντο
774 3918 845 3985 τοῖς
864 3905 1104 3992 συνεληλυθόσι
1121 3906 1177 3970 καὶ
1192 3908 1281 3989 βοῆς

242 4000 300 4072 τὸν
327 4002 561 4095 ὀπισθόδομον
588 4006 802 4096 ἐμπλήσωσιν
826 4006 1051 4091 ὑλακτοῦντες,
1085 4003 1171 4075 ὥστε
1197 4000 1283 4072 0666
