2748 4572
199 230 305 296 ’τι
329 241 970 302 εΗτοΡοαΔιΔιΣαυΛοΣιε-ει.
1108 235 1132 301 9
1253 214 1260 219 ’

91 340 191 434 όλίγα
214 345 321 413 ἐκεῖνα
344 342 493 430 ὀνόματα
515 345 743 429 ἐπιπολαζέτω
766 351 821 416 καὶ
843 348 1047 433 ἐπανθείτω,
1073 354 1130 420 καὶ

88 451 227 532 συνεχὲς
245 448 329 516 ἐ’στω
347 446 387 517 τὸ
406 443 491 516 άττα
508 451 564 516 καὶ
580 447 620 517 τὸ
635 451 816 537 δήπουθεν,
835 448 895 520 κόν
907 455 1007 540 μηδὲν
1021 451 1130 523 αὐτῶν

91 555 165 642 δέῃ·
191 548 280 618 καλὰ
296 552 360 640 γάρ
383 548 531 620 ἐστικαὶ
554 552 622 639 εἰκῆ
645 554 812 639 λεγόμενα.
848 552 887 643 ἢν
910 558 947 624 δέ
968 582 1052 627 ποτε
1073 560 1129 647 καλ
1147 578 1181 629 19

90 647 174 746 ᾆσαι
201 651 319 740 καιρὸς
345 649 430 722 εἶναι
457 655 550 742 δοκῇ,
578 655 688 723 πάντα
710 681 765 725 σοι
788 654 926 747 ᾀδέσθω
948 663 1003 728 καλ
1028 655 1129 747 μέλος

87 763 272 846 γιγνέσθω.
308 752 369 824 κάν
385 780 470 851 ποτε
489 752 661 847 ἀπορήσῃς
678 760 874 847 πράγματος
892 758 1028 849 ᾠδικοῦ,
1050 761 1130 845 τούς

88 856 219 949 άνδρας
237 856 317 940 τοὺς
339 855 496 940 δικαστὰς
519 857 685 946 ὀνομάσας
707 860 856 947 ἐμμελῶς
877 869 1129 956 πεπληρωκέναι

88 965 167 1032 οἴου
184 961 244 1051 τὴν
261 957 432 1051 ἁρμονίαν.
458 961 498 1030 τὸ
515 964 553 1030 δὲ
572 964 663 1048 οἴμοι
680 971 746 1033 τῶν
764 972 870 1034 κακῶν
884 969 1054 1057 πολλάκις,
1073 970 1129 1037 καλ

89 1063 108 1134 ό
135 1062 245 1155 μηρὸς
272 1070 516 1155 πατασσέσθω,
544 1069 600 1133 καὶ
625 1067 795 1157 λαρύγγιζε
821 1073 876 1136 καὶ
902 1068 1128 1160 ἐπιχρέμπτου

87 1182 163 1248 τοῖς
185 1171 375 1254 λεγομένοις
396 1170 451 1234 καὶ
472 1169 587 1251 βάδιζε
608 1174 805 1259 μεταφέρων
832 1169 889 1259 τὴν
915 1174 1032 1262 πυγήν.
1073 1175 1129 1242 καλ

88 1269 125 1359 ἢν
142 1276 208 1356 μέν
228 1294 266 1338 σε
281 1268 327 1358 μὴ
346 1267 537 1353 ἐπαινῶσιν,
562 1268 735 1359 ἀγανάκτει
752 1275 808 1340 καὶ
826 1275 979 1363 λοιδοροῦ
998 1271 1128 1357 αύτοῑς·
1237 1276 1240 1279 ’
1314 1340 1319 1353 ,

87 1371 125 1462 ἢν
145 1375 186 1440 δέ
205 1370 317 1460 όρθολ
332 1371 511 1462 ἑστήκωσιν
533 1370 602 1441 ύπὸ
624 1381 683 1464 τῆς
705 1375 860 1463 αἰσχύνης
877 1374 939 1465 ήδη
961 1376 1049 1464 πρὸς
1069 1376 1128 1465 τὴν

88 1475 206 1558 ἐ’ξοδον
225 1474 364 1559 έτοιμοι,
383 1476 591 1557 καθέζεσθαι
608 1479 726 1558 κέλευε,
745 1480 801 1545 καί
820 1474 904 1560 όλως
921 1481 1070 1567 τυραννίς
1087 1478 1127 1575 τό

87 1586 231 1666 πρᾶγμα
250 1577 345 1646 ἐστω.

131 1679 246 1760 Ὅπως
265 1682 301 1747 δέ
318 1682 374 1747 καλ
391 1677 429 1750 τὸ
447 1683 581 1769 πλῆθος
597 1689 664 1750 τῶν
681 1683 787 1771 λόγων
804 1685 1032 1769 θαυμάζωσιν,
1056 1682 1126 1754 άπὸ
1143 1703 1180 1754 το

85 1791 157 1854 τῶν
174 1782 323 1851 Ἰλιακῶν
346 1779 527 1868 ἀρξάμενος
547 1781 570 1873 ἢ
590 1789 645 1852 καὶ
662 1786 700 1870 νή
719 1784 774 1856 Δί’
795 1785 864 1856 άπὸ
886 1795 952 1856 τῶν
970 1791 1128 1857 Δευκαλί-

86 1913 176 1968 ωνος
192 1889 249 1953 καί
267 1885 399 1973 Πύρρας
416 1887 539 1972 γάμων,
563 1884 602 1976 ἢν
620 1890 713 1978 δοκῇ,
736 1891 935 1976 καταβίβαζε
955 1889 1127 1978 τὸνλόγον

88 1988 149 2058 ἐπὶ
166 1987 211 2056 τὰ
228 1994 284 2056 νῦν
301 1993 515 2057 καθεστῶτα·
539 1990 573 2056 ολ
588 1992 648 2075 μέν
665 1990 728 2078 γὰρ
747 1999 908 2072 συνιέντες
927 1991 1046 2081 όλίγοι,
1070 1996 1127 2061 καὶ

88 2094 238 2179 μάλιστα
260 2090 319 2175 μέν
342 2091 571 2178 σιωπήσονται
592 2090 649 2160 ὑπ’
665 2091 924 2183 εὐγνωμοσύνης,
952 2093 991 2182 ἢν
1013 2096 1127 2163 δὲκαὶ

89 2198 216 2281 λέγωσί
232 2219 276 2274 τι,
294 2189 361 2262 ύπὸ
380 2192 512 2281 φθόνου
532 2191 612 2262 αύτὸ
632 2195 768 2277 δόξουσι
786 2196 879 2283 δρᾶν·
899 2196 935 2262 ολ
953 2199 1072 2264 πολλοὶ
1091 2198 1128 2264 δὲ

90 2294 142 2364 τό
156 2301 265 2383 σχῆμα
281 2298 334 2363 καλ
352 2292 463 2384 φωνήν
481 2299 536 2363 καὶ
553 2297 703 2382 βάδισμα
720 2301 978 2384 καὶπερίπατον
995 2301 1050 2366 καὶ
1067 2302 1127 2382 μέ-

90 2401 150 2478 λος
177 2399 235 2481 καλ
260 2399 404 2487 κρηπῖδα
425 2402 481 2465 καὶ
502 2397 541 2466 τὸ
565 2395 648 2467 άττα
671 2425 731 2468 σου
755 2400 856 2470 έκεῖνο
878 2401 1051 2491 τεθήπασι
1072 2403 1128 2470 καλ

89 2498 148 2568 τὸν
176 2499 303 2589 ἱδρῶτα
330 2497 470 2589 δρῶντες
496 2505 550 2570 καὶ
576 2501 615 2570 τό
643 2494 763 2589 ἆσθμα
794 2501 852 2571 ούκ
878 2503 1005 2588 έχουσιν
1032 2499 1127 2584 ὅπως

92 2600 308 2691 ἆπιστήσωσι
325 2602 370 2693 μὴ
382 2601 462 2687 ,ούχλ
478 2606 654 2675 πάνδεινόν
671 2633 745 2674 τινα
768 2606 889 2686 ἐντοῖς
911 2604 1128 2695 λόγοιςάγω-
1196 2630 1198 2635 ·
1242 2656 1244 2659 -

91 2705 203 2793 νιστὴν
222 2703 309 2774 εἶναί
326 2730 374 2777 σε.
410 2703 518 2787 άλλως
538 2734 575 2776 τε
597 2707 709 2777 καὶτὸ
731 2707 811 2793 ταχύ
829 2716 927 2777 τοῦτο
947 2706 984 2777 ού
1008 2708 1127 2796 μικρὰν

93 2807 157 2892 ἔχει
174 2808 235 2898 τὴν
255 2805 438 2897 ἀπολογίαν
454 2813 510 2879 καλ
527 2817 646 2895 θαῦμα
664 2810 757 2899 παρὰ
774 2824 846 2890 τοῖς
864 2815 1016 2891 πολλοῖς·
1041 2807 1145 2879 ὥστε·

93 2907 155 2998 όρα
176 2913 224 3000 μή
247 2937 331 2982 ποτε
352 2913 486 3002 γράψας
508 2909 528 3001 ἢ
551 2915 757 3001 σκεψάμενος
783 2918 970 3003 παρέλθῃς·
998 2913 1126 3001 ἐλεγχος

92 3014 154 3104 γὰρ
176 3014 289 3105 σαφής
310 3016 414 3089 ταῦτά
435 3041 481 3104 γε.
528 3016 561 3083 οἱ
583 3019 678 3104 φίλοι
704 3019 741 3085 δέ
762 3019 964 3104 πηδάτωσαν
991 3014 1044 3112 άελ
1070 3019 1124 3085 καὶ
1143 3037 1175 3087 21

39 3158 48 3166 ·
92 3117 221 3202 μισθὸν
241 3124 308 3186 τῶν
330 3119 470 3188 δείπνων
497 3116 754 3200 ἆποτῖνέτωσαν,
784 3121 922 3187 ε’ίποτε
949 3119 1124 3187 α’ίσθοιντό

93 3244 131 3287 σε
142 3221 440 3304 καταπεσούμενον,
453 3234 548 3309 χεῖρα
563 3220 729 3310 ὀρέγοντες
741 3225 797 3288 καὶ
810 3227 1007 3311 παρέχοντες
1020 3218 1125 3305 εύρεῖν

92 3320 131 3389 τὸ
151 3322 398 3410 λεχθησόμενον
420 3323 454 3393 ἐν
475 3336 546 3404 τοῖς
571 3323 692 3410 μεταξὺ
719 3331 785 3392 τῶν
808 3324 950 3392 ἐπαίνων
978 3324 1127 3408 διαλείμε

87 3444 191 3507 μασι·
218 3423 353 3515 καὶγὰρ
373 3417 415 3494 αὖ
433 3430 488 3494 καλ
506 3427 602 3495 τούδε
620 3430 744 3512 μελέτω
765 3452 834 3509 σοι,
853 3425 910 3496 τὸν
926 3419 1024 3517 χορὸν
1042 3426 1126 3509 ἐχειν

93 3526 287 3603 οἰκεῖονκαλ
306 3530 496 3619 συνᾴδοντα.
528 3536 634 3597 ταῦτα
650 3530 709 3615 μέν
728 3556 783 3599 σοι
800 3529 842 3598 τὰ
861 3529 894 3598 ἐν
910 3544 982 3612 τοῖς
998 3531 1125 3618 λόγοις·
1237 3582 1249 3603 .

91 3626 176 3723 μετὰ
193 3635 299 3697 ταῦτα
317 3631 354 3699 δὲ
374 3632 536 3721 προϊόντα
559 3656 597 3701 σε
619 3633 909 3723 δορυφορείτωσαν
931 3632 1126 3721 ἐγκεκαλυμ-

89 3736 189 3814 μένον
216 3730 317 3801 αὐτὸν
341 3737 398 3801 καλ
423 3738 502 3826 περὶ
529 3726 575 3803 ῶν
601 3735 683 3825 ἐφης
704 3735 824 3820 μεταξύ
849 3734 1124 3821 διαλαμβάνοντα.

92 3836 147 3901 καὶ
163 3829 205 3922 ήν
221 3860 273 3914 τις
291 3834 414 3924 ἐντύχῃ,
433 3837 611 3922 θαυμάσια
628 3840 707 3925 περὶ
720 3845 844 3906 σαυτοῦ
861 3840 1004 3926 λέγεκαὶ
1023 3832 1125 3923 ύπερ·

94 3942 224 4004 επαίνει
244 3939 299 4005 καλ
322 3936 474 4027 ἐπαχθής
494 3944 604 4026 γίγνου
627 3936 733 4026 αύτῷ·
751 3935 811 4007 ατί
829 3937 891 4029 γάρ
910 3936 929 4009 ό
947 3938 1127 4021 Παιανιεὺς
1194 3948 1196 3954 ’

90 4037 179 4129 πρὸς
188 4037 284 4127 ἐμέ,·”
303 4045 368 4128 καὶ,
380 4039 488 4131 ((πρός
498 4042 554 4111 ἕνα
562 4044 711 4129 ’ίσωςμοι
718 4047 784 4111 τῶν
797 4045 949 4113 παλαιῶν
963 4039 981 4112 ό
996 4039 1123 4130 ἆγιόν·”
1192 4110 1195 4114 1
