2748 4572
237 194 288 265 '20
631 202 887 266 ΛουΚΙΑυυτ

246 316 474 401 ἐμμανέστατα
489 314 606 405 ἐρῶσα,
621 317 678 381 καὶ
693 321 789 404 συνῆν
804 311 879 403 ἀχρι
893 312 932 402 δὴ
944 311 1166 403 ἀλεκτρυόνων
1178 313 1286 404 ἠκσά-

244 444 348 505 σαμεν
370 417 525 508 ᾀδόντων.
571 418 646 486 τότε
675 413 706 483 δ’
727 413 748 505 ἥ
769 444 805 484 τε
826 414 950 506 Σελήνη
972 415 1137 485 ἀνέπτατο
1165 416 1198 498 ἐς
1218 416 1284 489 τόν

247 521 383 612 σάρανὸν
401 525 457 589 καὶ
473 514 492 611 ἡ
513 519 627 609 Ἑκάτη
646 519 701 587 ἐ’δυ
720 518 804 587 κατὰ
819 524 879 608 τῆς
896 526 954 608 γῆς
972 517 1089 586 καλ·τά
1108 515 1193 588 ἀλλα
1211 522 1286 610 φάτ-

247 649 357 710 σματα
370 622 552 714 ἠφανίσθη,
567 627 622 690 καὶ
634 621 692 711 τὴν
701 623 851 711 Χρυσίδα
866 622 1098 709 ἐξεπέμψαμεν
1108 626 1187 710 περί
1196 622 1284 693 σέτό

195 749 228 799 15
247 753 314 796 που
333 727 447 811 σχεδὸν
464 724 503 795 τὸ
523 730 687 813 λυκαυγές.
716 725 746 792 εί
763 732 867 792 ταῦτα
885 722 977 805 εἶδες,
999 716 1026 791 τό
1048 722 1200 815 Τυχιάδη
1221 725 1284 796 σδκ

247 828 286 898 ἀν
306 829 436 899 ἐτι’ί
371 857 420 919 ηπ
422 836 559 917 ίστησας
578 826 662 896 εἶναι
680 827 788 895 πολλὰ
803 827 835 895 ἐν
848 840 922 908 ταῖς
936 826 1085 915 ἐπῳδαῖς
1095 826 1279 959 γρήσιμαξ’
1322 876 1335 883 -

243 931 303 999 ἐυ
289 920 460 1020 λέγειςξ’
487 924 568 1021 ἧνδ
571 929 676 1018 ’ἐγιό
701 928 898 998 ε’ἐπίστευον
919 930 982 1019 γδιρ
1005 928 1054 1012 ἀν,
1079 931 1113 998 εί
1128 957 1167 1019 γε
1190 929 1282 1002 εἶδον

247 1032 341 1117 αάτδι,
362 1043 417 1103 νῦν
435 1036 471 1103 δὲ
490 1034 671 1122 συγγνώμη
692 1030 799 1117 οἶμαι,
820 1032 910 1121 εἰμὴ
929 1033 971 1100 τὰ
990 1029 1283 1119 όμσιαδμίνδξυ-

249 1137 407 1228 δερκεῖν”
390 1164 461 1222 εχιτ.
498 1136 583 1225 πλὴν
601 1130 669 1202 ἀλλ’
682 1162 700 1202 σ
703 1133 811 1203 ίδα
775 1161 837 1225 γαρ
855 1135 912 1224 τὴν
930 1147 1024 1221 Χρυσ
1026 1135 1128 1217 twa,
1110 1164 1148 1225 ην
1161 1139 1278 1224 λέγεις,

246 1240 385 1329 ἐραστὴν
401 1253 537 1328 γυναῖκα
555 1242 609 1306 καὶ
628 1241 820 1328 πρόχειρον·
848 1236 907 1322 οὐχ
930 1236 998 1325 δριῦ
1021 1236 1058 1306 δὲ
1073 1245 1162 1320 τίνος
1185 1240 1281 1309 ἕνεκα

244 1344 405 1433 ἐδεήθητε
429 1340 478 1411 ἐπ’
495 1340 595 1430 αάτὴν
616 1346 677 1409 τοῦ
699 1345 836 1430 πηλίνου
860 1348 1064 1430 πρεσβευτοῦ
1091 1343 1146 1409 καί
1167 1344 1277 1429 μάγου
1313 1384 1320 1395 ·

242 1453 303 1515 τσῦ
323 1446 359 1529 ἐξ
371 1444 588 1535 Ὑπερβορέων
599 1448 655 1512 καὶ
669 1446 810 1531 Σελήνης
827 1441 935 1533 αὐτῆς,
955 1444 993 1533 ἣν
1007 1446 1111 1513 ε’ίκσσι
1124 1446 1278 1531 δραχμῶν
1367 1446 1368 1451 ’

245 1548 377 1637 ἀγαγεῖν
396 1549 443 1628 εἷς
457 1545 688 1637 Ὑπερβορέους
707 1545 844 1614 δυνατὸν
861 1539 909 1635 ἦν.
937 1547 1024 1615 πάνυ
1043 1547 1104 1637 γάρ
1123 1548 1277 1616 ἐνδίδωσι

244 1652 331 1740 πρὸς
356 1652 476 1739 ταύτην
497 1649 555 1738 τὴν
582 1648 714 1737 ἐπῳδὴν
738 1647 758 1736 ἦ
780 1648 872 1737 γυνὴ,
902 1649 1017 1718 καὶτὸ
1041 1650 1185 1719 ἐναντίον
1204 1665 1278 1731 τοῖς

248 1756 403 1843 φάσμασι
430 1759 617 1821 πέπονθεν·
646 1752 751 1820 ἐκεῖνα
777 1755 835 1837 μὲν
860 1751 923 1840 γὰρ
949 1750 988 1840 ἢν
1014 1754 1128 1841 ψόφον
1152 1751 1276 1845 ἀκούσῃ

242 1862 363 1941 χαλκοῦ
377 1853 398 1945 ἢ
412 1856 558 1945 σιδήρου,
573 1860 835 1945 πέφευγε-καὶ
848 1863 953 1923 ταῦτα
966 1854 1027 1942 γὰρ
1037 1853 1130 1940 ὑμεῖς
1140 1882 1277 1946 φατε-ι’

247 1954 328 2047 αδτη
349 1961 393 2040 δὲ,
415 1957 455 2045 ἢν
475 1958 630 2046 ἀργύριόν
648 1984 714 2026 που
733 1965 846 2048 ψοφῇ,
867 1957 994 2047 ἐρχεται
1013 1958 1097 2046 πρὸς
1115 1959 1172 2027 τόν
1187 1951 1275 2046 ἦχον,
1317 2016 1326 2023 ,

246 2059 354 2141 άλλως
375 2087 411 2129 τι
434 2065 489 2128 καὶ
507 2062 671 2146 θαυμάζω
696 2059 796 2129 αάτυῦ
819 2068 877 2128 τοῦ
899 2061 1020 2147 μάγου,
1047 2062 1077 2128 εἰ
1100 2063 1277 2146 δυνάμενος
1367 2062 1368 2087 ³

246 2163 345 2244 αὐτὸς
364 2165 548 2253 ἐρασθῆναι
565 2163 652 2253 πρὸς
668 2171 735 2235 τῶν
758 2165 1018 2232 πλουσιωτάτων
1039 2168 1199 2251 γυναικῶν
1220 2169 1277 2232 καί

243 2270 387 2337 τάλαντα
406 2265 467 2336 δ’λα
485 2265 562 2357 παρ’
574 2264 683 2335 αότιῦν
702 2268 887 2353 λαμβάνειν,
909 2263 926 2334 δ
946 2268 982 2333 δὲ
999 2269 1162 2356 τεττάρων
1175 2273 1274 2351 μναῖν,

244 2372 331 2438 πάνυ
360 2371 575 2458 σμικρολόγος
601 2368 660 2452 ἀν,
693 2374 855 2439 Γλαυκίαν
883 2369 1062 2457 ἐπέραστον
1095 2369 1275 2455 ἐργάζεται.

194 2493 225 2541 16
241 2469 378 2559 ’γελοῖα
403 2471 535 2555 πσιεῑςξ
536 2470 682 2562 ’ἐφηε
666 2499 683 2540 ο
704 2469 788 2552 ”Ιισν,
813 2468 988 2538 “ἀπιστων
1011 2464 1156 2536 ἅπασιν.
1157 2464 1275 2557 ’ἐγὼ
1366 2550 1367 2553 ¹

243 2581 320 2662 γοῦν
336 2571 481 2663 ηδέως
459 2602 501 2641 αν
517 2574 650 2683 ἐροίμην
669 2601 705 2643 σε
723 2581 757 2643 τί
774 2578 851 2662 περὶ
868 2572 992 2638 τούτων
1011 2569 1078 2660 φῂς
1096 2566 1173 2638 ὅσοι
1197 2572 1275 2654 τοὺς

245 2680 468 2762 δαιμονῶντας
492 2658 742 2749 ἀπαλλάττουσι
762 2684 828 2743 τῶν
851 2675 946 2757 δειμ
915 2699 1024 2754 ιατων,
1052 2670 1138 2741 οὕτω
1157 2683 1276 2763 σαφῶς
1366 2742 1367 2745 ,

245 2772 415 2871 ἐξᾴδοντες
437 2786 491 2848 καὶ
513 2780 555 2848 τὰ
579 2784 749 2871 φάσματα.
785 2780 841 2843 καλ
862 2782 966 2845 ταῦτα
985 2773 1044 2844 σάκ
1066 2776 1124 2862 ἐμὲ
1144 2776 1203 2866 χρὴ
1222 2781 1276 2844 λέ
1366 2806 1367 2809 “

242 2909 320 2971 γειν,
337 2881 420 2951 ἀλλδι
434 2886 554 2965 πάντες
568 2886 661 2952 ἰ’σασι
675 2881 731 2948 τὸν
740 2880 847 2969 Σόρσν
860 2877 916 2946 τὸν
930 2878 964 2946 ἐκ
976 2905 1034 2968 της
1044 2882 1209 2947 Παλαιστί
1195 2887 1273 2967 ίνης,

243 2985 300 3054 τὸν
313 2986 371 3054 ἐπί
384 2988 508 3056 τούτων
523 2983 693 3074 σοφιστὴν,
714 2979 814 3064 ὅσσας
828 2980 1032 3072 παραλαβὼν
1046 2989 1275 3050 καταπίπτον-

242 3116 303 3170 τας
323 3089 409 3180 πρὸς
429 3089 488 3178 τὴν
510 3089 644 3175 σελήνην
666 3090 722 3155 καλ
743 3085 791 3155 τιὸ
815 3084 987 3177 ὀφθαλμὼ
1016 3087 1306 3174 διαστρέφοντας·

243 3197 299 3260 καί
321 3191 430 3283 ἀφροῦ
454 3195 706 3278 πιμπλαμένους
727 3191 765 3260 τὸ
790 3193 898 3277 στόμα
925 3187 1015 3276 ὅμως
1042 3187 1193 3279 ἀνίστησι
1218 3192 1275 3257 καί

244 3293 439 3381 ἀποπέμπει
463 3293 610 3383 ἀρτίους,
636 3296 694 3364 ἐπὶ
710 3303 828 3383 μισθῷ
846 3294 979 3381 μεγάλῳ
1000 3290 1193 3375 ἀπαλλάξας
1209 3299 1276 3361 τῶν

243 3400 366 3469 δεινιῦν.
404 3398 539 3469 ἐπειδὰν
559 3398 623 3490 γὰρ
647 3399 765 3488 ἐπιστῇ
788 3402 949 3482 κειμένοις
974 3399 1031 3464 καλ
1056 3396 1170 3486 ἔρηται
1192 3392 1275 3464 ὅθεν
1366 3456 1367 3475 ,

242 3502 495 3591 εἴσεληλύθασιν
514 3502 547 3583 ἐς
564 3504 603 3571 τὸ
622 3509 732 3586 σῶμα,
754 3498 771 3567 δ
790 3502 848 3585 μέν
866 3507 971 3570 νοσῶν
989 3498 1089 3581 αὐτὸς
1103 3505 1234 3589 σιωπᾷ,
1255 3494 1274 3566 δ

147 3644 149 3653 ·
242 3606 370 3689 δαίμων
389 3608 425 3673 δέ
443 3604 655 3694 ἀποκρίνεται
674 3604 845 3690 ἑλληνίζων
863 3600 884 3692 ἢ
901 3604 1118 3692 βαρβαρίζων,
1139 3599 1221 3670 ὅθεν
1235 3598 1276 3669 ἀν

241 3704 342 3787 αάτδς
359 3699 394 3798 ᾗ,
419 3700 513 3787 ὅπως
529 3732 566 3775 τε
588 3712 644 3775 καὶ
666 3702 748 3776 ὅθεν
767 3706 922 3796 εἰσῆλθεν
945 3706 979 3787 ἐς
996 3705 1054 3775 τὸν
1077 3700 1276 3795 ἀνθρωπσν·

242 3806 261 3877 δ
284 3812 321 3878 δὲ
344 3804 462 3897 δρκσυς
482 3810 630 3899 ἐπάγων,
660 3812 745 3880 εἰδὲ
767 3810 812 3900 μη
836 3817 1009 3899 πεισθείη,
1037 3813 1093 3878 καὶ
1116 3806 1274 3891 ἀπειλῶν,

242 3911 405 3995 ἐξελαύνει
426 3912 484 3982 τὸν
508 3917 656 4002 δαίμονα.
693 3914 755 4004 ἐγιδ
778 3920 855 4004 γοῦν
877 3919 932 3982 καὶ
954 3912 1042 3982 ελδσν
1065 3914 1194 3996 ἐξιόντα
1215 3912 1277 3996 μέ-

242 4019 326 4083 λανα
342 4019 397 4083 καλ
414 4021 570 4110 καπνώδη
584 4017 642 4110 τὴν
652 4017 784 4108 χρόαν.”
809 4017 871 4088 “σῦ
889 4014 1002 4105 μέγα,”
1022 4008 1060 4101 ἦν
1075 4014 1106 4084 δ’
1117 4014 1191 4104 ἐγὼ,
1208 4010 1278 4082 “τδι
