2782 4574
389 188 485 246 LXII.
511 192 531 228 δ
548 142 800 248 mmmm
819 192 940 248 21-27.
1118 184 1193 251 lffl'

146 295 292 385 ῦγιεινοῦ
307 294 343 363 έν
358 294 489 376 πάσαις
503 307 578 374 ταῖς
596 294 794 382 αἰσθήσεσιν
811 296 927 380 εἰπεῖν,
951 296 1008 366 διὰ
1025 297 1063 368 τὸ
1081 300 1183 390 μηδέ·
1236 330 1249 375 ᾳ
1287 292 1292 297 ’

146 424 232 468 ποτε
250 404 568 487 συμπεριενεχθῆναι
584 409 660 477 ταῖς
677 394 784 464 ἀλλων
802 395 964 482 εὐωχίαις.
997 399 1186 492 Ἰσοκράτης

147 504 185 584 ἓξ
203 504 261 569 καὶ
279 500 466 588 ἐνενήκοντα
485 499 567 568 έτῶν
583 499 724 587 γεγονῶς
744 500 803 569 τὸν
820 502 1040 593 πανηγυρικὸν
1058 505 1181 596 έγρσφε
1240 536 1246 575 2

146 604 259 690 λόγον,
287 605 365 691 περὶ
388 602 442 692 έτη
466 603 503 671 δὲ
524 600 598 681 ἑνὸς
620 599 807 672 ἀποδέοντα
834 604 949 674 ἑκατὸν
970 605 1112 694 γεγονὼς
1134 606 1183 688 ῶς

146 702 275 796 ᾔσθετο
285 704 479 792 Ἀθηναίους
496 701 564 771 ῦπὸ
580 693 750 774 Φιλίππου
769 706 803 774 ἰν
817 712 859 799 τῇ
877 710 957 797 περὶ
973 711 1182 795 Χαιρώνειαν

146 808 234 897 μάχῃ
252 813 489 896 νενικημένους,
514 809 741 893 ποτνιώμενος
755 808 814 878 τὸν
831 808 1047 900 Εὐριπίδειον
1069 818 1189 896 στίχον

146 916 370 1000 προηνέγκατο
389 911 437 988 εἰς
455 908 571 977 ἑαυτὸν
589 907 771 1001 ἀναφέρων,

324 1012 485 1081 Σιδώνιόν
503 1008 577 1079 ποτ’
594 1011 677 1080 άστυ
695 1014 831 1099 Κάδμος
850 1014 1008 1084 έκλιπιάν·

146 1119 202 1184 καὶ
228 1112 390 1209 ἐπειπὼν,
405 1111 452 1195 ῶς
474 1115 644 1182 δουλεύσει
665 1113 685 1203 ἡ
706 1113 820 1196 Ἑλλὰς
862 1116 992 1198 ἐξέλιπε
1013 1117 1072 1185 τὸν
1096 1124 1179 1203 βίον.

143 1215 392 1305 Ἀπολλόδωρος
419 1217 455 1290 δὲ
481 1213 499 1282 5
522 1217 733 1306 Περγαμηνὸς
751 1214 878 1308 ῥήτωρ,
906 1226 991 1287 θεοῦ
1012 1226 1181 1309 Καίσαρος
1288 1248 1293 1258 ·

147 1326 309 1408 σεβαστοῦ
329 1317 528 1398 διδάσκαλος
549 1321 721 1404 γενόμενος
743 1323 799 1387 καλ
822 1319 881 1388 σῦν
895 1318 1114 1410 Ἀθηνοδώρῳ
1131 1330 1180 1409 τῷ

70 1478 75 1486 .
149 1430 273 1512 Ταρσεῖ
289 1422 468 1512 φιλοσόφῳ
481 1422 667 1502 παιδεύσας
681 1420 789 1504 αὐτὸν,
805 1421 898 1509 έζησε
910 1420 1014 1490 ταύτὰ
1027 1431 1075 1512 τῷ
1081 1421 1182 1511 Ἀθη-

146 1526 299 1615 νοδῶρφ,
323 1523 379 1611 έτη
402 1521 602 1613 ἀγδοήκοντα
625 1525 694 1592 δύο.
734 1524 899 1608 Ποτάμων
922 1526 959 1594 δέ
982 1520 1040 1592 οῦκ
1062 1520 1182 1607 ἀδοξος

146 1627 255 1719 ῥήτωρ
274 1626 329 1715 ἀτη
349 1626 547 1716 ἐνενήκοντα.

197 1732 370 1818 Σοφοκλῆς
393 1726 411 1797 5
433 1727 686 1818 τραγῳδοποιὸς
708 1732 793 1820 ῥᾶγα
815 1733 985 1819 σταφυλῆς
1006 1730 1179 1800 καταπιὼν
1197 1754 1231 1802 νε

146 1829 313 1920 ἀπεπνίγη
339 1837 438 1900 πέντε
463 1835 518 1899 καὶ
545 1831 731 1920 ἐνενήκοντα
759 1833 859 1920 ζήσας
880 1831 947 1919 έτη.
993 1825 1090 1914 οῦτος
1110 1831 1179 1902 ῦπὸ

140 1930 317 2023 Ἰοφῶντος
332 1941 391 2002 τοῦ
409 1935 498 2015 υλέος
516 1934 574 2002 ἀπὶ
590 1938 677 2008 τέλει
694 1939 753 2001 τοῦ
770 1940 847 2020 βίον
870 1942 1055 2023 παρανοίας
1070 1937 1180 2023 κρινό-

145 2061 243 2122 μενος
261 2032 382 2123 ἀνέγνω
404 2050 476 2116 τοῖς
499 2038 671 2117 δικασταῖς
690 2037 848 2105 Οἰδίπουν
870 2034 927 2103 τὸν
950 2036 1008 2104 ἐπὶ
1025 2041 1196 2126 Κολωνῷ,Χ

146 2137 410 2223 ἐπιδεικνύμενος
429 2136 488 2207 διὰ
503 2146 564 2207 τοῦ
584 2140 752 2228 δράματος
765 2135 860 2217 ὅπως
871 2136 929 2205 τὸν
944 2145 1018 2206 νοῦν
1030 2137 1179 2225 ῦγιαίνει,

147 2238 195 2319 ῶς
211 2239 289 2321 τοὺς
307 2239 465 2322 δικαστὰς
481 2240 539 2309 τὸν
556 2243 616 2326 μὲν
637 2239 918 2330 ὑπερθαυμάσαι,
941 2246 1196 2330 καταψηφίσα-Ι

147 2335 234 2412 σθαι
251 2345 287 2411 δλ
303 2350 364 2412 τοῦ
382 2344 456 2411 υίοῦ
474 2342 576 2412 αάτοῦ
594 2350 723 2431 μανίαν.
759 2353 921 2430 Κρατῖνος
943 2344 980 2412 δέ
1003 2341 1022 2412 5
1041 2349 1099 2431 τῆς
1116 2368 1180 2413 κω-
1198 2366 1232 2416 26

145 2447 275 2534 μφδίας
292 2444 434 2535 ποιητὴς
447 2445 533 2514 ἑπτὰ
545 2445 631 2534 πρὸς
643 2459 715 2527 τοῖς
729 2446 917 2533 ἐνενήκοντα
931 2445 1038 2514 ε’τεσιν
1049 2445 1178 2531 ἐβίωσε,

146 2553 201 2616 καὶ
216 2547 305 2637 πρὸς
321 2556 369 2638 τῷ
386 2553 474 2618 τέλει
485 2557 546 2620 τοῦ
558 2555 634 2636 βίον
650 2551 787 2633 διδάξας
799 2549 857 2638 τὴν
870 2558 1011 2639 Πυτίνην
1024 2554 1080 2618 καὶ
1093 2553 1182 2639 νική-
1305 2570 1308 2573 ·

147 2674 208 2733 σας
228 2649 297 2737 μετ’
315 2650 353 2720 οῦ
375 2651 462 2720 πολὺ
487 2651 647 2721 ἐτελεύτα.
666 2657 668 2662 ’
687 2656 743 2720 καὶ
763 2653 916 2739 Φιλήμων
939 2653 976 2720 δὲ
997 2649 1015 2720 5
1038 2654 1182 2738 κωμικὸς

147 2751 272 2838 ὁμοίως
288 2761 337 2842 τῷ
354 2760 506 2845 Κρατίνῳ
517 2752 612 2843 Ιἑπτά
628 2758 685 2822 καλ
708 2746 894 2844 ἐνενήκοντα
916 2754 971 2842 έτη
989 2752 1085 2841 βιούς
1102 2779 1181 2821 κατ-

147 2860 250 2924 έκειτο
272 2858 332 2940 μέν
354 2855 413 2924 ἐπὶ
437 2860 546 2946 κλίνης
570 2855 714 2947 ἠρεμῶν,
742 2859 952 2942 θεασάμενος
979 2858 1015 2924 δὲ
1038 2852 1112 2925 ἀναν
1136 2854 1181 2925 τὰ

146 2964 440 3043 παρεσκευασμένα
458 2957 548 3048 αύτῷ
567 2968 650 3028 σῦκα
672 2966 893 3027 κατεσθίοντα
916 2955 1048 3049 ῶρμησε
1070 2961 1129 3044 μέν
1147 2958 1183 3039 δς

145 3064 283 3147 γέλωτα,
302 3064 442 3142 καλέσας
460 3063 496 3129 δὲ
512 3061 569 3130 τὸν
583 3063 710 3150 οἰκέτην
723 3064 778 3128 καλ
792 3060 850 3131 σὺν
863 3063 979 3148 πολλῶ
990 3065 1046 3129 καὶ
1060 3060 1180 3151 ἀθρόῳ

145 3164 266 3249 γέλωτι
284 3161 387 3232 είπῶν
408 3165 613 3251 προσδοῦναι
633 3170 682 3251 τῷ
706 3161 769 3250 ἀνφ
794 3161 936 3251 ἀκράτου
960 3166 1076 3251 ῥοφεῖν
1095 3160 1183 3230 ἀπο-

146 3268 276 3352 πνιγεὶς
290 3261 360 3334 ῦπὸ
377 3273 437 3334 τοῦ
454 3269 596 3353 γέλωτος
618 3264 779 3334 ἀπέθανε.
814 3268 872 3331 καὶ
886 3261 1084 3350 Ἐπίχαρμος
1107 3265 1144 3330 δέ
1161 3261 1180 3330 5

145 3373 206 3455 τῆς
221 3368 399 3456 κωμῳδίας
415 3368 556 3456 ποιητὴς
573 3372 629 3436 καὶ
643 3365 742 3447 αὐτὸς
756 3366 943 3455 ἐνενήκοντα
956 3368 1011 3433 καλ
1025 3363 1111 3434 ἑπτὰ
1125 3365 1180 3455 έτη

146 3470 277 3556 λέγεται
293 3476 423 3556 βιῶναι.
455 3468 629 3560 Ἀνακρέων
647 3473 683 3539 δὲ
701 3467 720 3539 5
737 3476 805 3539 τῶν
820 3472 929 3554 μελῶν
950 3466 1091 3557 ποιητὴς
1109 3468 1181 3556 έζη-
1197 3491 1231 3539 νε
1250 3528 1260 3539 .

146 3593 204 3639 σεν
221 3571 277 3660 έιη
299 3577 398 3641 πέντε
419 3576 475 3640 καὶ
497 3570 709 3664 ἀγδοήκοντα,
733 3575 790 3640 καὶ
806 3578 1008 3662 Στησίχορος
1031 3574 1066 3640 δέ
1085 3568 1103 3638 5
1121 3595 1182 3653 με-

146 3672 288 3753 λοποιὸς
298 3671 410 3755 ταῦτὰ,
430 3678 615 3765 Σιμωνίδης
629 3677 666 3744 δὲ
679 3673 697 3743 5
710 3686 810 3755 Κεῖος
822 3674 907 3762 ῦπὲρ
925 3674 967 3742 τὰ
981 3673 1194 3759 ἐνενήκοντα·

199 3784 441 3863 Γραμματικῶν
455 3776 733 3865 δέἘρατοσθέυης
745 3780 803 3862 μὲν
817 3775 977 3863 ὃῖδγλαοῦ
985 3786 1177 3862 Κυρηναῖος,
1198 3794 1231 3843 νε

148 3876 186 3947 ὃν
204 3875 243 3946 οῦ
260 3880 362 3965 μόνον
378 3879 617 3968 γραμματικὸν,
637 3877 794 3946 ἀλλὰκαὶ
815 3877 956 3967 ποιητὴν
975 3877 1014 3946 ἀν
1035 3901 1087 3955 τις
1105 3872 1181 3943 ἀνο-

145 3981 267 4067 μάσειε
283 3986 338 4051 καὶ
357 3985 545 4074 φιλόσοφον
557 3986 612 4050 καὶ
625 3986 818 4070 γεωμέτρην,
839 3982 899 4048 δύο
912 3984 967 4048 καὶ
982 3978 1181 4069 ὀγδοήκοντα
1283 4066 1286 4075 ¹
