2748 4572
320 210 933 281 ωεαευῑεῐιεοΛΗΣω-υυ
1089 216 1132 283 69
1181 214 1183 223 ’
1244 222 1248 233 ’
1309 294 1312 305 ,

97 328 312 400 ἀναπετῶσαι
328 331 385 396 καὶ
402 327 514 396 πάντα
529 329 655 414 τρόπον
671 335 713 418 τῇ
731 326 856 397 όλῶοει
871 324 941 398 τού
954 328 1134 413 ἀκούοντος

97 432 451 522 συμπροθυμούμεναι.
487 433 697 520 πρῶτονμὲν
713 431 752 499 τὸ
771 433 972 522 φιλόκαινον,
993 432 1011 499 ὃ
1031 435 1133 522 φύσει
1171 434 1174 443 “

14 534 16 543 ’
95 544 199 605 πᾶσιν
218 532 416 624 ἀνθρώποις
433 531 593 625 ἀπάρχει,
617 533 733 603 καὶτὸ
757 532 928 623 ἁψίκορον,
953 536 1070 604 ’ἔπειτα
1094 539 1133 605 δὲ

94 638 133 708 τό
151 637 239 725 πρὸς
256 636 299 704 τὰ
316 638 493 725 παράδοξα
504 644 571 705 τῶν
585 635 801 722 ἀκουσμάτων
814 637 984 722 ἑπόμενον.
1015 636 1052 706 οὗ
1066 638 1132 729 γάρ

94 739 160 810 οἶδ’
177 738 273 819 ὅπως
290 737 447 828 ἡδόμεθα
463 742 586 820 πάντες
603 738 689 828 πρός
705 739 766 820 τὰς
784 741 938 831 λαθρηδὰ
956 745 1132 828 λεγομένας
1163 760 1167 767 ’

14 872 15 879 “
93 848 147 912 καὶ
166 839 471 929 μεστάςδπονοίας
486 841 602 922 ἀκοάς·
622 841 698 910 οῖδα
711 850 789 930 γοῦν
802 871 893 923 τινας
907 840 1013 924 ούτως
1026 842 1133 933 ἡδέως
1248 915 1253 923 .

13 980 15 1031 p
91 948 390 1037 γαργαλιζομένους1
406 946 449 1014 τὰ
467 938 537 1013 ὦτα
554 944 622 1014 ύπδ
644 954 710 1014 τῶν
729 949 892 1032 διαβολῶν
915 944 1030 1036 ῶσπερ
1052 947 1130 1028 τούς
1185 972 1189 981 ’

13 1090 15 1093 -
91 1062 231 1139 πτεροῖς
253 1055 453 1133 κνωμένους.’
487 1048 623 1118 ἐπειδάν
644 1057 753 1118 τοίνυν
779 1047 846 1118 ὑπὸ
875 1051 1000 1118 τούτων
1023 1048 1130 1120 ἀπύν-
1149 1073 1183 1121 22

90 1179 156 1220 των
178 1153 448 1236 συμμαχούμενοι
465 1159 702 1243 προσπέσωσι,
725 1151 809 1218 κατὰ
827 1154 946 1241 κράτος
969 1154 1128 1241 αἱροῦσιν,

91 1253 202 1340 ο,ίμαι
226 1257 283 1320 καὶ
301 1251 378 1322 σύδὲ
396 1253 587 1379 δυσχερηςί
569 1283 589 1342 η
607 1261 678 1361 νίκη
696 1251 849 1378 γένηιύἋ
827 1281 867 1321 αν
884 1281 928 1342 μη
932 1254 1060 1335 δενδς’
1041 1284 1137 1325 αντι-

12 1368 13 1429 λ
80 1382 302 1445 παραταττη
289 1363 388 1441 μένου
406 1355 526 1446 μηδὲ’
508 1384 529 1423 α
530 1332 711 1442 μυνομένου
734 1355 793 1435 τὰς
815 1357 1020 1445 προσβολὰς,
1046 1356 1131 1425 ἀλλά

12 1476 13 1487 ’
88 1469 147 1529 τοῦ
174 1457 277 1546 μέν
258 1460 433 1539 ακούοντος
456 1460 586 1540 ἑκόντος
608 1458 724 1527 ἑαυτὸν
746 1458 942 1583 ίνδιόόντης,
970 1467 1030 1527 τοῦ
1058 1461 1131 1528 δια-

12 1562 22 1669 4'
87 1567 297 1652 βαλλομένου
318 1561 404 1630 δὲ
370 1590 429 1651 την
446 1561 624 1651 ἐπιβουλὴν
641 1542 896 1649 ἀγνοοῦντος(
875 1559 989 1651 ω’σπερ
1012 1561 1074 1652 γὰρ
1098 1563 1131 1631 έν

86 1670 181 1736 νυκτὶ
200 1667 334 1745 πόλεως
352 1663 495 1753 ἀλούσης
512 1666 731 1744 καθεύδοντες
745 1666 778 1734 οἱ
797 1667 1052 1751 διαβαλλόμενοι
1066 1666 1130 1755 φο-

12 1836 13 1847 ,
41 1834 47 1843 ,
87 1772 253 1841 νεύονται.
289 1771 343 1834 καί
362 1766 400 1835 τὸ
419 1770 552 1836 πάντων
572 1769 744 1850 οἴκτιστον,
770 1764 787 1835 ό
810 1770 869 1853 μὲν
892 1767 949 1836 ούκ
973 1768 1070 1849 εἰδοὺς
1086 1769 1128 1836 τά
1148 1792 1181 1840 23

87 1876 288 1962 γεγενημένα
301 1875 673 1960 προσέρχεταιτηόφίλῳ
684 1869 827 1960 φαιδρὸς
842 1868 899 1940 άτε
908 1873 1008 1959 μηδὲν
1023 1872 1129 1960 ἑαυτῷ

89 1977 223 2065 φαῦλον
246 1973 524 2056 συνεπιστάμενος
545 1975 601 2039 καὶ
622 1971 664 2039 τὰ
687 1974 815 2060 συνήθη
838 1977 925 2062 λέγει
946 1978 1003 2042 καὶ
1024 1988 1126 2057 ποιεῖ,

88 2080 196 2147 παντὶ
213 2077 330 2164 τρόπῳ
349 2072 367 2143 ό
387 2072 508 2153 άθλιος
526 2075 770 2163 ἐνηδρευμένος·
795 2073 813 2143 δ
833 2078 869 2142 δὲ
886 2074 925 2163 ἢν
942 2079 1000 2160 μέν
1024 2078 1078 2163 ἐ’χη
1096 2104 1130 2143 τι

87 2192 241 2268 γενναῖον
257 2182 312 2244 καὶ
331 2178 506 2265 ἐλεύθερον
523 2180 580 2244 καί
598 2176 889 2265 παρρησιαστικόν,
915 2175 1017 2256 εὐθὺς
1042 2179 1130 2266 ἐξέρ-

90 2284 175 2373 ρηξε
192 2278 248 2368 τὴν
266 2279 363 2369 ὀργὴν
379 2285 435 2347 καί
452 2279 510 2348 τὸν
528 2278 639 2363 θυμὸν
657 2280 769 2362 ἐξέχεε,
790 2283 845 2347 καλ
863 2281 956 2359 τέλος
968 2278 1026 2368 τὴν
1042 2277 1129 2347 ἀπο·
1204 2294 1207 2305 ’

90 2388 209 2472 λογίαν
226 2390 429 2472 προσέμενος
448 2384 527 2469 έγνω
545 2385 651 2472 μάτην
663 2382 747 2449 κατὰ
760 2389 820 2449 τοῦ
834 2386 933 2472 φίλου
948 2385 1129 2472 παρωξυμ-

91 2493 204 2575 μένος·
223 2485 262 2575 ἢν
280 2488 317 2554 δὲ
336 2485 561 2574 ἀγεννέστερος
579 2491 633 2554 καὶ
651 2486 884 2576 ταπεινότερος
901 2480 931 2575 ᾗ,
951 2492 1127 2576 προσίεται
1146 2509 1180 2558 24

89 2594 151 2677 μὲν
176 2594 233 2657 καὶ
255 2591 460 2676 προσμειδιᾷ
481 2602 553 2669 τοῖς
572 2593 713 2673 χείλεσιν
736 2587 862 2675 ἀκροις,
890 2603 985 2674 μισεῖ
1011 2592 1047 2657 δὲ
1073 2593 1129 2656 καλ

90 2695 207 2783 λάθρᾳ
229 2692 308 2772 τοὺς
331 2689 468 2771 ὀδόντας
492 2694 640 2781 διαπρίει
662 2695 730 2775 καὶ,
760 2690 806 2781 ῶς
829 2690 846 2760 δ
869 2693 1010 2783 ποιητής
1033 2717 1126 2780 φησι,

89 2797 333 2883 βυσσοδομεύει
350 2793 408 2883 τὴν
427 2793 534 2883 ὀργήν.
571 2784 668 2881 οόδὴ
689 2794 752 2881 ἐγὼ
771 2793 866 2864 οὐδέν
889 2792 984 2880 οἶμαι
1006 2791 1129 2862 ἀδικῶ·

90 2926 186 2989 τερον
205 2896 284 2966 ούδὲ
303 2900 636 2986 δουλοπρεπέστερον,
662 2897 838 2966 ἐνδακόντα
860 2896 899 2966 τὸ
915 2901 1025 2980 χεῖλος
1043 2895 1129 2966 ύπσ-

10 3048 11 3051 =
90 2990 235 3091 τρέφειν’
251 2999 309 3089 τὴν
333 2998 430 3088 χολὴν
455 3005 511 3067 καὶ
537 3000 575 3068 τὸ
602 3013 701 3085 μῖσος
724 3001 756 3068 ἒν
779 2999 869 3089 αὑτηί
896 3002 1131 3069 κατάκλειστον

91 3104 212 3186 αόξειν,
238 3103 332 3192 ἕτερα
353 3105 412 3189 μὲν
429 3104 593 3171 κεύθοντα
612 3101 658 3169 ένλ
676 3107 801 3195 φρεσὶν,
828 3101 911 3170 ἀλλα
930 3105 966 3169 δέ
985 3106 1127 3189 λέγοντα,
1154 3128 1160 3137 “

91 3212 146 3275 καὶ
163 3206 423 3297 ἀποκρινόμενον
442 3207 544 3293 ἱλαρῷ
562 3208 618 3272 καὶ
635 3212 768 3293 κωμικηλ
781 3212 829 3293 τῷ
844 3205 1019 3292 προσώπῳ
1037 3206 1129 3289 μάλα

92 3316 271 3396 περιπαθῆ
289 3313 435 3380 τινακαὶ
453 3311 506 3377 ἰού
524 3313 687 3395 γέμουσαν
704 3309 899 3398 τραγῳδίαν.
931 3307 1077 3391 μάλιστα
1092 3308 1129 3374 δὲ

92 3419 189 3481 τοῦτο
214 3413 413 3497 πάσχουσιν,
444 3411 580 3480 ἐπειδὰν
602 3413 711 3479 πάλαι
739 3414 836 3500 φίλος
860 3408 878 3478 ὁ
906 3408 1128 3495 ἐνδιαβάλλων

94 3516 198 3584 δοκῶν
217 3513 365 3605 εἶναιτῷ
385 3516 666 3603 ἐνδιαβαλλομένῳ
685 3520 824 3603 ποιῆται
844 3509 943 3602 ὅμως.
971 3513 1048 3581 τότε
1065 3513 1128 3599 γὰρ

10 3696 11 3699 ¹
94 3616 170 3687 ούδὲ
189 3619 302 3709 φωνὴν
320 3619 451 3687 ἀκούειν
469 3619 517 3686 ἔτι
536 3617 693 3686 ἐθέλουσι
705 3624 770 3685 τῶν
785 3615 1067 3703 ἀπολογουμένων,
1088 3612 1126 3680 τὸ

94 3717 292 3804 ἀξιόπιστον
308 3730 367 3812 τῆς
384 3726 580 3810 κατηγορίας
594 3720 699 3808 ἕκτης
712 3721 820 3789 πύλαι
833 3720 994 3804 δοκούσης
1012 3719 1128 3804 φιλίας

94 3827 351 3916 προειληφότες,
376 3824 567 3894 οὐδὲτοῦτο
587 3825 710 3911 λογιζύγ
710 3848 804 3904 ιενοι,
830 3818 883 3889 ότι
904 3822 1025 3887 πολλαί
1044 3823 1129 3886 πολ-

93 3929 186 4009 λάκις
215 3929 248 3996 έν
273 3943 345 4009 τοῖς
372 3930 555 4026 φιλτάτοις
571 3932 690 4011 μίσους
701 3913 991 4029 παραπίπτουσιν
1022 3922 1127 3988 αἰτίαι

93 4030 170 4113 τοὺς
189 4027 309 4114 ἀλλους
327 4035 563 4115 λανθάνουσαι,
583 4029 670 4098 καί
656 4035 759 4098 ενίοτι
778 4023 880 4107 οῐς’
842 4027 941 4107 αυτός
953 4052 1004 4105 τις
1018 4024 1128 4108 ’ένοχός
