2792 4580
327 224 418 279 Lxx.
444 224 500 279 ,TA
519 223 633 283 κεοε
655 223 833 281 Kromon
854 225 938 281 ο-υ.
1087 211 1153 281 189

113 330 262 420 ἀνήροτα
279 328 390 401 πάντα
408 327 529 416 ἐφύετο
546 324 675 410 αὐτοῖς,
700 326 738 395 ού
757 329 908 411 στάχυες,
932 326 1005 396 ἀλλ’
1018 328 1158 414 ἕτοιμος»

115 431 218 522 ι’ίρτος
231 436 286 498 καὶ
299 435 378 516 κρέα
392 429 621 515 ἐσκευασμένα,
639 433 695 497 καὶ
709 427 728 497 ό
743 427 832 510 οἶνος
850 430 938 520 ’έρρει
955 431 1159 521 ποταμηδόν

5 540 8 555 “
113 539 173 604 καὶ
194 532 301 622 πηνυιί
321 535 454 617 μέλιτος
476 535 532 605 καλ
553 533 732 620 νάλακτοςῄ
757 529 892 619 ἀγαθοί
905 533 968 620 γὰρ
989 526 1073 623 ἦσαν
1095 538 1152 602 καί

6 642 7 727 ,
112 651 236 731 χρυσοῖ
252 632 406 716 ἅπαντες.
435 631 515 723 αύτη
533 661 593 720 μοι
609 633 629 723 ἡ
649 635 741 703 αίτία
757 641 816 723 τῆς
834 632 1057 726 ὀλιγοχρονίου
1070 638 1152 705 ταύ.

114 768 175 831 της
195 741 395 820 δυναστείας,
414 742 472 806 καὶ
490 736 546 806 διά
564 745 661 807 τούτο
676 734 867 822 ἁπανταχοῦ
881 740 998 829 κρότος
1011 742 1065 807 καὶ
1081 737 1151 829 ᾠδὴ

5 828 6 837 ¹
115 847 174 925 καὶ
196 840 319 910 παιδιὰ
340 844 395 908 καί
419 841 568 926 ἰσοτιμία
594 847 682 925 πᾶσι
706 844 762 908 καὶ
785 842 917 921 δούλοις
938 845 994 911 καί
1016 843 1151 910 έλευθέ-
1220 873 1224 878 ·

115 966 205 1037 ραις·
225 941 334 1024 οὐδεὶς
350 942 412 1034 γὰρ
432 941 483 1012 ἐπ’
495 943 575 1029 ἐμοῦ
595 946 712 1024 δούλος
729 935 777 1033 ἦν.

104 1113 106 1115 ,
169 1063 240 1119 ΙΕΡ.
267 1044 347 1134 Ἐγιὺ
367 1047 413 1129 δέ,
433 1036 588 1137 ὦΚρόνε,
607 1050 777 1115 καὶτοῦτο
795 1043 914 1136 ᾖκαζον
932 1046 967 1128 ἐς
982 1047 1060 1128 τοὺς
1075 1048 1152 1116 δού-
1169 1070 1185 1120 8

115 1154 197 1231 λους
218 1151 273 1215 καὶ
299 1149 501 1238 πεδότριβας
524 1150 769 1239 φιλάνθρωπον
791 1145 908 1218 ἐκτού
930 1153 1044 1236 μύθου
1069 1151 1151 1219 ἐκεί-

0 1330 1 1353 η
114 1279 175 1322 νου
193 1263 304 1320 ποιεῖν
322 1275 360 1321 σε
376 1258 524 1336 τιμῶντα
541 1252 619 1332 τοὺς
636 1253 678 1321 τὰ
692 1248 794 1338 ὅμοια
806 1254 1004 1337 πάσχοντας,
1025 1251 1083 1323 άτε
1096 1258 1152 1321 καὶ

115 1351 219 1431 αύτὸν
238 1353 443 1436 δουλεύοντα,
462 1360 666 1442 μεμνημένον
682 1361 740 1442 τῆς
758 1357 870 1443 πέδης.

170 1473 281 1529 ΚΡΟΝ.
318 1453 360 1525 Ού
379 1457 493 1546 παύσῃ
511 1456 574 1544 γὰρ
591 1464 733 1525 τοιαῦτα
751 1461 857 1547 ληρῶν
863 1489 875 1543 ,·

170 1576 239 1630 ΙΕΡ.
254 1549 316 1627 Ἐἀ
334 1562 447 1646 λέγεις,
466 1563 522 1627 καὶ
535 1561 726 1645 παύσομαι·
744 1560 830 1649 πλὴν
845 1560 894 1629 ἐ’τι
906 1586 966 1646 μοι
983 1564 1151 1628 καὶτοῦτο

114 1661 307 1752 ἀπόκριναι.
348 1660 386 1729 τὸ
410 1662 584 1737 πεττεύειν
600 1664 743 1752 σύνηθες
769 1655 807 1752 ἦν
833 1667 889 1732 καὶ
916 1664 973 1732 ἐπὶ
995 1671 1056 1733 σού
1080 1677 1168 1744 τοῖς.
1258 1714 1261 1717 -

7 1762 13 1845 ί,
115 1763 336 1854 ἀνθρώποιςς

10 1882 15 1967 Ἰ
170 1883 282 1939 KPON.
317 1870 383 1934 Καὶ
400 1867 504 1952 μάλα,
531 1864 568 1934 ού
586 1867 650 1956 μὴν
673 1873 751 1955 περὶ
768 1871 937 1938 ταλάντων
959 1895 995 1957 γε
1017 1874 1074 1938 καὶ
1090 1898 1153 1956 μυ-

9 1970 11 2063 f
114 1971 243 2063 ριάδων
262 1965 376 2056 ὥσπερ
395 1967 481 2056 ύμῖν,
507 1967 591 2037 ἀλλά
609 1975 688 2060 περὶ
706 1975 834 2071 καρύων
852 1973 890 2041 τὸ
914 1980 1080 2059 μέγιστον,
1106 1971 1153 2053 ὥς
1205 1984 1214 1992 ”

6 2090 9 2126 2
114 2073 164 2161 μὴ
183 2070 348 2141 ἀνιᾶσθαι
369 2069 554 2162 ἡττηθέντα
575 2076 658 2162 μηδὲ
682 2076 833 2164 δακρύειν
856 2074 912 2143 ἀεὶ
934 2074 1050 2144 ἀσιτον
1073 2071 1154 2142 όντα
1196 2076 1198 2081 ’

114 2176 220 2264 μόνον
238 2181 304 2245 τῶν
323 2172 441 2243 ἀλλων.

172 2295 242 2349 ΙΕΡ.
276 2269 327 2346 Εὖ
344 2303 381 2365 γε
400 2277 517 2345 ἐκεῖνοι
534 2285 721 2359 ποιοῦντες·
745 2277 829 2366 ύπὲρ
847 2284 936 2358 τίνος
958 2278 1019 2368 γὰρ
1039 2275 1079 2346 ἀν
1097 2282 1153 2346 καί

117 2380 294 2449 ἐπέττευον
317 2379 412 2448 αύτοὶ
435 2378 610 2471 ὁλόχρυσοι
633 2379 740 2465 όντες,·
768 2379 814 2462 ὥς
837 2382 937 2469 ἐ’γωμε
959 2385 1015 2449 καὶ
1031 2380 1152 2466 μεταξύ

117 2485 271 2572 λέγοντός
289 2507 349 2552 σου
366 2485 496 2552 τοιόνδε
514 2512 547 2551 τι
565 2482 735 2573 ἐνενόησα·
753 2487 786 2553 εἰ’
799 2512 851 2565 τις
869 2484 925 2552 ἕνα
942 2492 1008 2552 τῶν
1026 2482 1153 2573 ἀνδρῶν

61 2624 65 2631 ·
117 2586 249 2655 ἐκείνων
265 2594 332 2653 τῶν
342 2588 556 2675 χρυσηλάτων
571 2588 604 2668 ές
615 2588 672 2657 τὸν
687 2586 842 2679 ἡμέτερον
855 2595 972 2657 τοῦτον
984 2594 1058 2673 βίον
1072 2585 1155 2675 ἀγα-

115 2688 186 2778 χάιν
210 2688 312 2771 ἐ’δειξε
334 2702 405 2769 τοῖς
426 2694 578 2772 πολλοῖς,
607 2690 663 2758 οἶα
685 2690 814 2760 ἔπαθεν
842 2688 881 2760 ἀν
909 2689 927 2758 ό
952 2688 1073 2770 ἀθλιος
1094 2687 1151 2757 ἀπ’

117 2791 240 2862 αύτιῦν.
278 2794 501 2871 διεσπάσαντο
523 2792 585 2884 γὰρ
609 2791 647 2865 ἀν
675 2791 774 2865 ,αὐτὸν
797 2786 832 2862 εὖ
856 2791 921 2862 οἶδ’
938 2790 991 2861 ότι
1017 2792 1156 2882 ἐπιδρα-

48 2934 52 2939 -
116 2898 237 2983 μόντες
255 2891 370 2984 ὥσπερ
386 2893 448 2962 τὸν
461 2903 596 2967 Πενθέα
612 2897 649 2963 αἱ
665 2897 832 2976 Μαινάδες
849 2893 870 2983 ἢ
888 2897 924 2962 αλ
937 2903 1081 2987 θρᾷτται
1097 2895 1155 2963 τὸν

114 2996 234 3090 Ὀρφέα
256 2996 276 3086 ἢ
297 2997 354 3066 τὸν
368 2995 545 3066 Ἀκταίωνα
568 3000 603 3066 αἱ
625 3001 729 3078 κύνες,
754 3002 914 3087 περὶτοῦ
936 3000 1047 3084 μεῖζον
1072 2995 1156 3066 ἀπε-

117 3107 304 3190 νέγκασθαι
320 3099 358 3168 τὸ
377 3107 476 3187 μέρος
493 3100 579 3189 πρὸς
597 3097 759 3188 ἀλλήλους
771 3101 907 3182 ἕκαστος
921 3098 1153 3185 ἁμιλλώμενοι,

119 3205 158 3273 οἵ
171 3230 209 3292 γε
228 3201 304 3272 ούδέ
322 3202 530 3292 ἑορτάζοντες
549 3197 609 3283 >έξω
633 3210 693 3270 τοῦ
716 3204 931 3291 φιλοκερδοῦς
954 3204 1048 3284 εἰσιν,
1072 3200 1156 3271 ἀλλὰ

118 3308 291 3397 πρόσοδον
309 3306 342 3373 οἱ
359 3308 479 3373 πολλοὶ
496 3311 698 3394 πεποίηνται
715 3303 772 3394 τὴν
795 3304 920 3394 ἑορτήν.
957 3301 1028 3371 εἶτα
1047 3304 1081 3372 ολ
1096 3307 1156 3389 μέν

119 3408 322 3499 ἀπέρχονται
340 3410 551 3499 λῃστεύοντες
569 3409 602 3476 έν
619 3416 667 3496 τῷ
681 3413 862 3496 συμποσίῳ
877 3405 956 3486 τούς
972 3411 1101 3496 φίλους,
1122 3407 1156 3475 ολ

46 3590 49 3594 ,
119 3513 159 3580 δέ
177 3518 232 3580 σοί
249 3539 284 3580 τε
302 3514 539 3599 λοιδοροῦνται,
560 3510 653 3580 οὐδέν
673 3513 755 3594 δέον,
775 3515 829 3579 καί
848 3510 930 3599 τούς
942 3511 1061 3597 κύβους
1079 3536 1156 3579 συν-

118 3619 291 3701 τρίβουσιν
314 3612 482 3695 ἀναιτίους
505 3612 601 3695 όντας
628 3614 742 3694 αὐτοῖς
768 3604 813 3683 ’ὧν
837 3614 963 3694 ἑκόντες
988 3620 1167 3699 νομιοῦσιν.1

120 3715 206 3807 ἀτὰρ
225 3719 301 3786 εἰπέ
316 3743 377 3803 μοι
393 3718 449 3785 καί
465 3718 552 3800 τάδε,
571 3724 606 3785 τί
623 3719 662 3806 δή
681 3743 765 3786 ποτε
784 3715 886 3806 ἁβρὸς
904 3713 997 3787 ούτω,
1010 3716 1092 3795 θεὸς
1111 3713 1156 3784 ύίν
1174 3739 1189 3789 9

119 3823 177 3893 καὶ
194 3826 297 3910 γέρων
316 3820 549 3905 ἐπιλεξάμενος
566 3818 604 3887 τὸ
628 3816 882 3909 ἀτερπέστατον,
906 3817 1011 3887 ὁπότε
1033 3817 1053 3908 ἡ
1074 3818 1170 3902 χιὼν.

119 3921 234 4007 ἐπέχει
254 3920 298 3991 τά
319 3925 430 3993 πάντα
452 3920 543 3991 καὶὸ
565 3916 689 4009 βορρᾶς
710 3921 817 4002 πολὺς
834 3924 890 4013 καί
912 3920 1005 3990 οὐδέν
1027 3918 1049 3990 δ’
1065 3950 1100 3991 τι
1118 3919 1156 3991 ού

118 4030 269 4115 πέπηγεν
287 4024 354 4095 ύπὸ
373 4034 433 4097 τού
451 4026 582 4118 κρύους,
607 4029 662 4095 καλ
677 4024 721 4097 τὰ
740 4028 857 4123 δένδρα
879 4024 961 4118 ξηρὰ
979 4025 1158 4116 καίχυμνά
