2792 4580
291 242 384 299 Lxx
411 243 654 300 ΕΠΙΣΤΟΛΑΙ
675 240 888 300 τεονιιιοι
908 247 1028 303 νν-νο
1113 234 1177 302 197

142 344 355 436 δέδλιμωρίρ
371 352 439 414 τῶν
455 346 661 435 ἐπιμελητῶν
679 347 869 437 κοσκινηδὸν
888 332 1176 447 διατετρυπῆσθαι

139 449 211 523 δπὸ
227 475 293 517 των
309 452 488 536 βελτίστων
503 457 607 537 μναῖν,
628 449 674 531 οὖς
692 452 833 576 σαγήνης
851 460 1062 542 θυννεντιυῆς
1074 457 1175 544 μηδέν

142 555 332 642 διαφέρειν,
340 554 476 632 ,παῖδας
495 551 588 619 δὲ’
550 560 659 620 αυτῶν
678 553 758 634 τοὺς
775 552 919 644 ὡραίους
941 560 996 622 καὶ
1019 554 1173 645 κομήτας,

141 655 200 735 οὓς
214 653 403 734 Ὑακίνθους
419 652 613 743 ἢῖίχιλλέας
629 653 651 744 ἢ
664 662 872 745 Ναρκίσσονς
887 655 1095 742 ὀνομάζουσι,
1116 687 1178 745 με-

138 757 221 840 ταξὺ
246 754 418 846 ὀρέγοντας
442 765 540 846 σφίσι
561 757 600 826 τὸ
624 758 762 843 ἔκπωμα
786 759 977 850 φαλακροὺς
1000 768 1175 850 γίγνεσθαι

101 894 109 912 ‚
138 858 367 949 ὑπορρεούσης
379 867 438 949 τῆς
451 862 553 948 κόμης
565 863 621 927 καί
635 862 781 947 πιόγωνα
795 863 890 950 φύειν
905 860 990 946 όξδν,
1011 863 1080 932 οίοί
1093 865 1178 932 εἰσιν

141 962 174 1030 ἓν
191 975 266 1041 ταῖς
284 965 474 1050 κωμῳδίαις
496 965 529 1031 οἱ
552 964 830 1053 σφηνοπιόμωνες,
854 969 910 1032 καὶ
931 966 969 1034 τὸ
988 966 1082 1052 παρὰ
1104 978 1178 1046 τοῖς

139 1066 322 1154 κροτάφοις
339 1065 426 1133 πάνυ
450 1067 566 1133 λάσιον
588 1070 642 1133 καὶ
661 1068 766 1153 κάρτα
789 1066 963 1148 ἐκκεντοῦν,
988 1067 1027 1136 ιδ
1050 1069 1176 1153 μεταξὺ

140 1168 178 1234 δέ
196 1170 284 1234 λεῖον
301 1171 356 1233 καὶ
373 1166 493 1254 γυμνὸν
512 1165 606 1235 εἶναι.
642 1177 747 1236 ταῦτα
769 1172 825 1234 καί
843 1173 948 1236 πλείω
972 1172 1099 1238 τούτων
1122 1170 1177 1238 εδ-
1248 1152 1254 1165 ¹

140 1267 273 1354 ξαίμεδ’
286 1266 334 1351 δν,
349 1266 388 1357 ἢν
400 1269 445 1358 μὴ
460 1270 604 1338 ἐθέλωσι
618 1269 656 1338 τὸ
672 1267 753 1357 ἄγαν
769 1275 928 1359 φίλαυτον
938 1271 1025 1340 τοῦτ’
1038 1271 1177 1360 ἀφέντες

140 1371 175 1452 δς
192 1371 231 1439 τὸ
250 1370 358 1440 κοινὸν
375 1376 530 1440 πλουτεῖν
547 1377 603 1439 καί
619 1375 836 1459 μεταδιδόναι
853 1371 930 1462 ἡμῖν
944 1381 1010 1444 τῶν
1022 1379 1173 1462 μετρίων.

652 1517 676 1564 2.

155 1602 160 1607 ·
196 1604 316 1649 nouom
337 1607 415 1648 mam
433 1607 469 1667 νη
488 1606 645 1670 νωιιοτιτρ
664 1607 797 1649 τοιουτου.
832 1588 871 1648 Τί
887 1586 991 1647 ταῦτα
1009 1583 1128 1666 ληρεῖς,
1148 1569 1176 1645 ὦ
1194 1585 1241 1650 25'

140 1673 251 1762 οὗτος,
275 1682 351 1766 ἐμοὶ
369 1686 529 1770 περὶτῶν
551 1684 726 1770 παρόντων
750 1683 950 1751 ἐπιστέλλων
973 1685 1028 1749 καὶ
1052 1680 1176 1750 ἀναδα-

141 1784 226 1870 ομδν
242 1791 308 1851 τῶν
327 1781 467 1872 ἀγαθῶν
485 1798 596 1862 ποιεῖν
613 1787 768 1869 κελεύων;
791 1783 830 1853 τὸ
854 1787 890 1852 δὲ
914 1785 1026 1874 ἑτέρου
1051 1782 1090 1852 δν
1114 1786 1174 1872 εἰἠ,

139 1894 201 1955 τοῦ
219 1894 274 1956 νῦν
292 1884 457 1976 ἄρχοντος.
494 1889 659 1972 θαυμάζω
677 1889 739 1976 γάρ
759 1888 849 1955 σεεί
865 1889 966 1972 μόνος
983 1895 1049 1954 τῶν
1069 1884 1177 1954 ἆποίν-

140 2016 208 2057 των
231 1986 357 2076 όφνοεῖς
381 1986 427 2069 ὥς
450 1988 513 2077 έγδι
540 1992 599 2075 μὲν
620 1990 727 2058 πάλαι
746 1988 902 2075 βασιλεὺς
926 1988 971 2055 ι’δν
998 1994 1177 2073 πέπαυμαι

142 2093 194 2172 εἷς
214 2089 268 2173 ιδν,
291 2104 364 2172 τοῖς
386 2095 486 2160 παισὶ
509 2093 679 2175 διανείμας
699 2091 755 2179 την
778 2089 886 2179 ἀρχὴν,
912 2090 929 2158 ’δ
955 2092 990 2156 δὲ
1008 2088 1090 2169 Ζεὺς
1112 2092 1177 2173 μοί-

141 2198 241 2264 λιστοι
261 2195 509 2262 τῶντοιούτων
532 2193 751 2277 ἐπιμελεῖται·
777 2190 819 2258 τδι
843 2194 878 2258 δὲ
904 2190 1046 2280 ἡμέτερα
1071 2197 1178 2258 ταῦτα

140 2302 238 2386 μέχρι
256 2302 385 2365 πεττῶν
401 2300 457 2364 καί
474 2298 591 2385 κρότου
609 2300 665 2362 καὶ
683 2292 770 2383 ᾠδῆς
787 2298 841 2361 καὶ
859 2300 981 2382 μέθης,
1005 2296 1177 2360 καὶτοῦτο

144 2398 183 2468 οὔ
202 2404 303 2469 πλέον
321 2398 450 2488 ἡμερῶν
468 2399 565 2467 έπτά.
603 2396 689 2467 ὥστε
710 2402 788 2488 περὶ
810 2399 869 2482 μὲν
890 2402 956 2463 τῶν
978 2396 1137 2482 μειζόνων
1156 2395 1178 2462 ἃ

143 2503 224 2592 φῂς,
248 2500 384 2591 ἀφελεῖν
400 2501 439 2569 τὸ
459 2499 571 2570 δίνισον
588 2506 644 2569 καὶ
662 2502 696 2568 δκ
717 2507 775 2589 τῆς
798 2497 915 2585 ὁμοίας
933 2496 954 2586 ἢ
972 2505 1138 2567 πένεσθαι
1156 2495 1179 2587 ἢ

141 2609 299 2674 πλουτεῖν
318 2601 477 2686 ἅπαντας,
498 2603 612 2684 δΖεὺς
631 2603 670 2671 δν
687 2610 914 2692 χρηματίσειεν
932 2599 1019 2686 ὑμῖν.
1048 2601 1078 2668 εί
1093 2602 1130 2667 δέ
1146 2627 1179 2668 τι

104 2732 106 2741 ’
141 2715 210 2775 τῶν
228 2707 263 2775 έκ
280 2714 338 2794 τῆς
356 2707 470 2795 ἑορτῆς
489 2705 636 2775 ἅδικοῖτό
655 2733 707 2785 τις
728 2703 750 2793 ἢ
772 2709 1016 2785 πλεονεκτοῖτο,
1042 2702 1120 2787 έμὸν
1139 2699 1179 2769 δν

143 2812 195 2898 εἴη
215 2811 368 2891 δικάζειν.
405 2813 460 2877 καί
480 2809 661 2877 ἐπιστέλλω
682 2810 718 2877 δὲ
735 2821 805 2887 τοῖς
823 2810 999 2884 πλουσίοις
1017 2808 1096 2893 περὶ
1113 2809 1179 2871 τῶν

145 2915 288 2981 δείπνων
305 2917 436 2980 καὶτοῦ
453 2918 596 2996 χοίνικος
617 2918 675 2979 τοῦ
692 2917 828 2998 χρυσίου
851 2912 991 2977 καὶτῶν
1015 2907 1197 2996 ἐσθήτων,-

145 3013 192 3095 ὥς
213 3018 269 3082 καὶ
290 3013 367 3100 ὑμῖν
389 3021 554 3099 πέμποιεν
573 3015 606 3093 ές
627 3013 684 3105 τὴν
703 3013 825 3100 ἑορτήν.
863 3012 975 3077 δίκαια
995 3010 1058 3098 γδιρ
1076 3016 1180 3077 ταῦτα

137 3122 201 3185 λαοί
220 3115 297 3200 δ’ξια
311 3115 430 3196 αὐτοὺς
437 3129 561 3197 ποιεῖν,
582 3114 628 3195 ὥς
642 3117 735 3204 φατὲ,
755 3112 793 3202 ἢν
805 3113 849 3200 μή
864 3139 897 3179 τι
916 3109 1048 3198 εὔλογον
1064 3111 1181 3184 ἐκεῖνον

144 3220 233 3308 πρὸς
253 3227 357 3288 ταῦτα
380 3224 483 3308 λέγειν
501 3219 614 3305 ’έχωοη
654 3216 693 3287 τὸ
717 3218 753 3283 δὲ
776 3213 864 3296 δ’λον,
893 3214 966 3281 ’ίστε
989 3214 1022 3278 οἱ
1043 3218 1179 3298 πένητες
1198 3235 1232 3283 νο

145 3321 241 3409 ὑμεῖς
259 3323 497 3412 ἐξηπατημένοι
515 3325 570 3388 καὶ
589 3318 646 3388 οὐκ
669 3316 784 3406 ὀρθῶς
807 3317 997 3442 δρξάζοντες
1019 3316 1181 3401 περὶτῶν

146 3429 272 3494 πλουσί
258 3433 326 3509 ίιον,
351 3428 387 3494 οί
406 3452 442 3514 γε
459 3425 623 3494 πανευδαί
621 3448 724 3510 μονας
747 3419 867 3500 αὐτοὺς
890 3419 1007 3487 οἴεσθε
1026 3413 1110 3484 εἶναι
1126 3417 1189 3482 καί

147 3531 270 3618 μόνους
287 3528 367 3656 ηδόν
388 3556 462 3597 τινα
473 3535 578 3623 βιοῦν
599 3525 656 3596 τὸν
677 3521 799 3612 βίονῇ
786 3521 839 3592 δτι
862 3526 1007 3591 δειπνεῖν
1024 3545 1060 3588 τε
1078 3521 1183 3586 πολυ-

148 3632 295 3712 τελως”
277 3656 364 3701 εστιν
392 3631 505 3710 αὐτοῖς
534 3633 590 3698 καί
614 3630 850 3715 μεθύσκεσθαι
878 3627 968 3694 οωοο
1000 3621 1097 3711 ηδέος
1127 3621 1183 3686 καί

93 3779 98 3783 ·
148 3739 267 3806 παισὶν
285 3733 424 3825 ωραίοις
439 3760 495 3800 και
483 3734 656 3821 γυναιξὶν
675 3727 869 3816 δμιλεῖνκοιλ
884 3726 1183 3814 έσθησιμαλακοιῖς
1238 3732 1240 3737 ’

144 3845 306 3930 χρησθαι.
341 3865 380 3907 το
365 3837 436 3904 δέ
453 3837 542 3905 πάνυ
562 3830 707 3921 ἀγνοεῖτε
731 3830 850 3900 ὁποῖόν
874 3830 972 3897 ἔστιν.
1010 3826 1052 3892 αἵ
1066 3850 1103 3892 τε
1120 3820 1182 3912 γὰρ

149 3945 325 4033 φροντίδες
348 3942 384 4010 αλ
405 3943 486 4028 περί
504 3942 630 4006 τούτων
654 3934 692 4004 οὐ
716 3938 844 4023 μικραὶ,
870 3927 974 3999 ἀλλ’
956 3929 1077 4015 ανόμκη
1101 3925 1184 3995 ἕποι-

145 4061 303 4138 μρνπνεῖν
322 4046 481 4129 ἑκάστοις,
500 4045 545 4132 μή
556 4039 628 4113 τιδ
644 4042 815 4129 οἰκονόμος
827 4031 1040 4128 βλακεύσας
1027 4063 1046 4124 η
1040 4030 1184 4123 ὗφελό-
1249 4034 1252 4045 “
