2782 4574
239 170 306 237 162
626 179 885 236 ΛΟΥΚΙᾹΝΟΥ
1370 70 1373 161 δ

239 289 441 377 διαλυθῆναι
462 282 501 355 τὸ
524 287 674 375 πλῆθος,
698 281 766 353 ἀλλ’
783 281 834 353 ἐπ’
847 283 1046 370 αἰθομένοις
1061 296 1134 367 τοῖς
1151 289 1276 374 προτί-
1311 270 1321 278 ,
1371 282 1373 299 ’

238 417 311 481 ρσις
334 391 467 477 ἱερείοις
489 388 601 473 έπίχει
619 394 687 456 τῶν
709 389 872 457 σπονδῶν.
911 390 967 455 καλ
992 386 1031 456 τὸ
1057 389 1117 473 μέν
1137 395 1275 480 πρῶτον
1373 416 1374 483 γ

239 494 299 564 ἐπὶ
323 492 410 563 πολὺ
438 492 533 581 ίγέλα
553 494 609 560 καλ
632 492 730 580 δήλος
750 482 789 579 ήν
809 491 942 560 νειόθεν
968 486 1048 558 αύτδ
1072 492 1176 581 δρῶν·’
1200 488 1275 566 εἶτα
1374 560 1375 599 η

238 594 361 687 ἤρξατο
380 586 447 664 ὧδέ
463 614 553 676 πως·
568 592 669 663 “ίπελ
686 591 705 662 ό
724 594 908 684 κατάρατος
923 598 1080 681 Θεαγένης
1097 594 1191 675 τέλος
1207 602 1276 663 τῶν
1374 602 1375 651 ἶ

238 700 459 790 μιαρωτάτων
477 695 580 766 αὑτοῦ
598 697 704 785 λόγων
725 695 768 765 τά
782 694 988 787 Ἡρακλείτου
1012 697 1138 787 δάκρυα
1156 695 1276 786 ἕπσιή-
1374 728 1375 731 “

240 827 331 884 οατο,
352 800 415 890 ἐγὼ
433 799 572 870 κατὰτὸ
592 800 735 870 ἐναντίον
753 796 822 868 ἀπὸ
836 805 895 901 τρύ
909 806 1113 888 Δημοκρίτου
1131 803 1276 888 γέλωτος
1375 836 1376 903 3

240 900 412 993 ἀρξομαι.”
440 906 496 972 καλ
510 894 612 984 αὖθις
627 902 721 992 ίγέλα
736 902 794 971 ἐπὶ
806 901 902 984 πολὺ,
923 898 1008 971 ὥστε
1021 905 1077 970 καλ
1089 898 1182 991 ήμῶν
1194 901 1275 984 τοὺς
1375 938 1376 949 ¹

204 1005 385 1088 επολλούς
407 1005 464 1074 ἐπὶ
486 1005 524 1074 τὸ
551 1003 668 1091 ὅμοιον
695 1005 921 1075 ἐπεσπάσατο.
966 1001 1039 1074 εἶτα
1064 1004 1273 1093 ἐπιστρέψας

239 1109 364 1191 ἑαυτὸν,
390 1107 435 1199 “ἢ
457 1114 491 1177 τί
510 1107 572 1200 γὰρ
595 1105 710 1191 cmo?
740 1108 817 1198 ἔφη,
842 1099 895 1175 “ὦ
917 1103 1046 1197 ἀνδρες,
1072 1105 1133 1197 χρὴ
1160 1121 1275 1177 ποιεῖν

240 1210 401 1280 ἀκούοντα
421 1213 480 1298 μὲν
504 1209 590 1281 οὕτω
612 1215 748 1300 γελοίων
770 1211 905 1301 ῥήσεων,
934 1208 1063 1305 δρῶντα
1091 1211 1126 1278 δέ
1149 1207 1274 1301 ἀνδρας

238 1320 392 1403 γέροντας
419 1317 572 1402 δοξαρίου
599 1315 832 1383 καταπτύστου
861 1314 953 1383 ἕνεκα
977 1316 1152 1400 μονονουχὶ
1177 1321 1273 1400 κυβι-
1377 1364 1378 1383 2

239 1425 386 1498 στῶντας
404 1417 437 1507 έν
454 1424 502 1505 τῷ
519 1414 697 1506 με’σρτ,··ὦς
716 1419 752 1485 δὲ
775 1418 913 1506 εἰδείητε
932 1416 1002 1486 οἷόν
1025 1444 1060 1486 τι
1080 1415 1119 1486 εδ
1139 1414 1273 1505 ἄγαλμά

240 1519 311 1589 ἔστι
327 1518 366 1589 τὸ
384 1520 643 1608 καυθησόμενον,
669 1518 833 1588 ἀκούσατέ
854 1545 918 1605 μου
937 1519 974 1602 ἐξ
990 1517 1091 1610 ἀρχῆς
1111 1544 1272 1610 παραφε·
1378 1590 1379 1601 ,

239 1624 398 1705 λάξαντος
414 1621 473 1709 τήν
489 1623 619 1710 γνώμην
638 1619 739 1689 αὐτοῦ
757 1625 814 1689 καί
829 1621 887 1690 τὸν
903 1628 977 1709 βίον
996 1622 1273 1713 ἐπιτηρήσαντος·
1378 1618 1379 1651 ³

240 1725 310 1793 ἐ’νια
333 1723 484 1813 δὲπαρά
506 1731 573 1792 τῶν
594 1727 741 1792 πολιτῶν
764 1723 864 1793 αὐτοῦ
888 1725 1123 1812 ἐπυνθανόμην
1145 1728 1200 1793 καὶ
1219 1724 1273 1807 οἷς

205 1848 221 1899 9
241 1824 363 1915 ἀνάγκη
384 1818 424 1914 ἦν
447 1825 590 1916 ἀκριβῶς
613 1827 736 1896 εἰδέναι
758 1825 867 1897 αύτόν.
902 1826 941 1896 τὸ
967 1826 1030 1917 γάρ
1055 1835 1114 1916 τῆς
1137 1828 1273 1919 φύσεως

238 1935 338 1998 τούτο
355 1930 496 2013 πλάσμα
511 1932 567 1996 καὶ
587 1930 828 2021 δημιούργημα,
852 1929 871 1998 ὁ
894 1936 955 2000 τού
973 1933 1192 2000 Πολυκλείτου
1211 1957 1273 1999 κα-

238 2030 311 2114 νῶν,
333 2031 408 2100 ἐπἐλ
425 2033 474 2112 εἰς
491 2029 613 2121 ἀνδρας
629 2036 734 2101 τελεῖν
751 2030 883 2123 ήρξατο,
903 2031 1094 2124 ένόίρμενίᾳ
1106 2034 1273 2119 μοιχεύων

130 2148 133 2155 ’
240 2132 340 2215 ἁλούς
360 2136 451 2221 μάλα
471 2134 599 2216 πολλὰς
624 2134 752 2224 πληγάς
778 2136 875 2223 έλαβε
900 2139 956 2205 καὶ
980 2139 1075 2218 τέλος
1100 2134 1184 2204 κατὰ
1209 2141 1272 2205 τού
1325 2180 1328 2184 ι

237 2242 352 2323 τέγους
374 2236 534 2324 ἁλόμενος
555 2239 691 2328 διέφυγε
713 2240 873 2329 ῥαφανῖδι
894 2238 952 2328 τὴν
978 2238 1083 2328 πυγὴν
1103 2245 1272 2326 ,βεβυσμί-
1381 2306 1382 2331 χ

237 2359 308 2419 νος·
340 2336 413 2409 εἶτα
438 2341 609 2432 μειράκιόν
634 2368 669 2409 τι
695 2338 818 2432 ὦραῑον
849 2342 1053 2432 διαφθείρας
1082 2345 1272 2432 τρισχιλίων

240 2440 424 2529 ἐξωνήσατο
442 2442 537 2534 παρὰ
553 2449 620 2512 τῶν
637 2449 757 2531 γονέων
774 2451 833 2514 τού
854 2443 980 2524 παιδὸς
1000 2443 1149 2533 πενήτων
1167 2441 1273 2514 όντων
1381 2444 1382 2447 '

237 2541 283 2631 μὴ
303 2542 362 2611 ἐπὶ
377 2544 434 2615 τὸν
453 2543 619 2636 ἁρμοστὴν
637 2543 833 2637 ἀπαχθῆναι
849 2553 908 2636 τῆς
921 2545 1040 2627 Ἀσίας.

188 2667 221 2717 10
294 2653 404 2715 Ταῦτα
420 2646 535 2716 καὶτὰ
552 2656 691 2717 τοιαῦτα
709 2650 819 2719 ἐάσειν
831 2675 891 2736 μοι
904 2641 995 2718 δοκῶ
997 2670 1006 2686 ’
1024 2648 1131 2737 πηλὸς
1143 2649 1205 2739 γὰρ
1220 2650 1272 2720 ίτι

239 2748 412 2829 ἀπλαοτος
428 2741 467 2839 ήν
488 2753 544 2818 καί
566 2747 697 2821 ούδέπω
720 2752 844 2833 ἐντελές
866 2749 998 2841 ἀγαλμα
1019 2749 1096 2841 ἡμῖν
1118 2753 1273 2843 ίδεδημι-

239 2851 390 2941 σύργητσ.
434 2852 456 2919 ἀ
483 2854 520 2920 δὲ
544 2853 601 2922 τὸν
627 2861 757 2943 πατέρα
783 2855 901 2946 έδραοε
930 2858 987 2924 καὶ
1012 2855 1100 2924 πάνυ
1129 2852 1272 2925 ἀκούσαι

238 2951 344 3035 ἀξιον·
362 2960 471 3023 καίτοι
488 2956 610 3036 πάντες
627 2958 698 3025 ’ίστε
715 2960 770 3025 καὶ
788 2954 948 3046 ἀκηκόατε
967 2955 1013 3038 ὥς
1031 2954 1194 3040 ἀπέπνιξε
1211 2957 1274 3028 τὸν

237 3061 388 3144 γέροντα,
412 3054 471 3125 ούκ
492 3055 711 3145 ἀνασχόμενος
733 3056 831 3128 αύτδν
853 3057 938 3157 ύπὲρ
956 3060 1110 3149 ἑξήκοντα
1128 3060 1182 3149 έιη
1206 3058 1271 3150 ήδη

237 3166 397 3249 γηρῶντα.
425 3158 496 3229 είτα
514 3160 629 3251 ἐπειδὴ
646 3159 686 3230 τὸ
700 3168 838 3251 πρᾶγμα
852 3162 1053 3251 διεβεβόητο,
1073 3161 1273 3253 φυγὴνέαυ-

188 3286 219 3334 11
238 3269 299 3332 τού
316 3264 540 3359 καταδικάρας
563 3264 727 3333 ἐπλανᾶτο
751 3264 850 3354 ἀλλην
868 3262 985 3333 ἀλλοτε
1007 3262 1167 3351 ἀμείβων,
1197 3263 1274 3335 ότι·

236 3390 305 3462 περ
319 3369 375 3435 καὶ
391 3364 456 3456 τὴν
465 3364 662 3455 θαυμαστήν
675 3373 798 3457 σοφίαν
810 3372 877 3435 τῶν
889 3374 1098 3457 Χριστιανῶν
1112 3366 1270 3453 ίξίμαθε,

236 3471 316 3556 περὶ
332 3467 390 3558 τήν
406 3472 626 3557 Παλαιστίνην
643 3481 715 3550 τοῖς
734 3469 857 3560 ίερεύοι
875 3473 932 3538 καί
947 3468 1272 3561 γραμματεύσιναύ-

137 3642 140 3647 ,
235 3578 302 3642 τῶν
320 3573 560 3661 συγγενόμενος.
596 3574 651 3640 καὶ
667 3577 703 3640 τί
718 3573 798 3661 γάρ,·
821 3573 988 3662 ένβραχεῖ
1003 3574 1129 3654 παῖδας
1147 3569 1271 3653 αύτούς

236 3673 400 3767 ἀπέφηνε,
429 3675 603 3765 προφήτης
623 3678 679 3744 καλ
699 3676 887 3766 θιασάρχης
907 3679 964 3744 καὶ
986 3673 1191 3763 ουναγωγεύς
1212 3677 1272 3742 καλ

235 3780 347 3849 πάντα
363 3779 464 3866 μόνος
481 3776 579 3861 αὐτὸς
598 3776 653 3848 ιῖίν.
679 3781 736 3848 καλ
751 3785 817 3847 τῶν
833 3781 957 3865 βίβλων
969 3777 1029 3858 τάς
1044 3779 1104 3864 μὲν
1122 3776 1275 3868 ίξηγεῑτο

235 3886 292 3950 καὶ
306 3883 468 3972 διεσάφει,
488 3880 615 3963 πολλὰς
629 3883 728 3950 δὲκαὶ
742 3879 842 3963 αὐτὸς
851 3885 1043 3971 συνέγραφε,
1057 3883 1114 3949 καὶ
1126 3878 1172 3961 ῶς
1184 3877 1271 3949 θεὸν

234 3980 337 4053 αύτδν
346 3985 462 4055 ἐκεῖνοι
471 3983 608 4074 ήγούντο
616 3988 672 4055 καί
680 3990 846 4076 νομοθέτῃ
856 3983 996 4075 έχρῶντο
1008 3987 1064 4054 καί
1077 3983 1273 4073 προστάτην
