2792 4580
385 241 479 297 Lxx
506 241 560 297 TA
581 241 695 299 τιοοε
716 241 940 298 Κεοαοαι.
994 228 997 233 ’
1120 231 1185 299 185

200 362 289 419 nm
315 341 382 416 Οτι
398 352 448 430 τί,-

196 465 257 520 ΔΝ.
274 464 306 519 Δ.
337 444 403 517 τλλτι
421 450 536 529 δεινῶς
552 456 618 517 τῶν
635 446 844 537 ὑποσάθρων
862 448 943 519 ἐστί.
975 447 1013 519 τὸ
1032 448 1096 519 δ”
1074 477 1182 538 ονομα

145 551 345 640 Μυρόπνουν
363 549 463 621 αάτδν
481 552 666 638 ἐκαλοῦμεν.

196 668 283 725 ΕΡΜ.
314 651 480 741 Ἡράκλεις
499 653 722 739 ἀλεξίκακε,’
703 656 850 740 ακοόεις,·
872 654 989 725 ἔπειτα
1010 658 1104 748 πήρα
1125 661 1181 727 καὶ

143 758 296 846 βάκτρον.
332 760 389 824 καὶ
407 755 507 838 αὐτὸς
525 756 677 843 ἀπόλαβε
694 756 753 847 τὴν
769 771 907 846 γυναῖκα
924 760 976 828 σό.

97 884 100 890 ·
149 916 154 923 .
198 875 257 930 AN.
271 876 303 930 Β.
338 862 518 947 Μηδαμῶς,
539 858 597 928 οὐκ
614 858 655 928 ἀν
672 856 880 947 ἀπολάβοιμι
896 866 1025 949 βιβλίον
1042 888 1102 949 μοι
1113 869 1181 931 τῶν

82 1038 84 1041 ,
142 963 298 1031 παλαιῶν
315 969 468 1031 κυοῦσαν.

195 1080 282 1135 ΕΡΜ.
318 1070 397 1144 Πῶς
413 1068 560 1152 βιβλίοις

81 1153 94 1242 ἴ
196 1183 255 1237 AN.
268 1182 301 1238 B.
330 1164 422 1235 ’Ἐστι
438 1195 481 1251 τι,
502 1160 626 1255 ὦγαθέ,
650 1168 848 1257 Τρικάρανος
865 1174 1003 1258 βιβλίον.

197 1284 282 1341 ΕΡΜ.
320 1268 419 1338 Οάδὲν
438 1267 574 1351 ἀτοπον,
600 1270 675 1339 ἐπεὶ
692 1260 749 1338 καί
769 1273 937 1361 Τριφάλης
956 1271 974 1341 δ
992 1279 1059 1342 τῶν
1076 1295 1199 1361 ναμε-ζ

18 1454 19 1459 ¹
143 1377 210 1439 κῶν
228 1371 286 1452 είς.
347 1412 350 1417 -

197 1489 419 1546 ΦΙΛΟΣΟΦΙΑ.
454 1474 529 1558 Σὸν,
550 1466 699 1563 ιάἙρμῆ,
721 1474 918 1558 δικάζειντί)
936 1477 1021 1561 μετὰ
1038 1485 1146 1547 τοῦτο.
1197 1501 1231 1551 33

195 1593 281 1648 EPM.
318 1573 409 1646 Οότω
431 1604 491 1663 μοι
513 1579 617 1661 δοκεῖ,
645 1578 766 1666 ταύτην
787 1580 855 1663 μὲν,
884 1579 939 1646 ίνα
960 1582 1060 1669 μηδὲν
1082 1586 1180 1669 τέρας

142 1681 227 1767 μηδὲ
244 1682 475 1769 πολυκέφαλον
491 1686 576 1769 τέκῃ,
598 1680 753 1763 σ’ίχεσθαι
771 1680 864 1768 παρὰ
876 1681 934 1751 τὸν
948 1680 1052 1773 ἀνδρα
1066 1680 1177 1753 ἀπίσω

144 1780 179 1860 ές
200 1780 257 1870 τὴν
276 1778 429 1864 Ἐλλάδα,
452 1782 499 1849 τῶ
523 1784 582 1851 δύο
606 1784 642 1850 δὲ
663 1783 771 1852 τούτω
796 1785 1004 1871 δραπετίσκω
1027 1789 1179 1876 παραδο-

143 1889 243 1952 θέντε
259 1898 329 1953 τοῖν
349 1886 528 1954 δεσπόταιν
545 1887 728 1971 μανθάνειν
742 1886 764 1953 ἀ
780 1885 847 1976 πρὸ
860 1895 929 1970 τοῦ,
948 1888 1077 1975 τὸνμὲν
1092 1886 1179 1959 ἀπο·

143 1986 281 2057 πλύνειν
300 1986 361 2068 τὰς
378 1990 538 2078 ῥυπώσας
555 1996 621 2056 τῶν
639 1986 781 2072 ὀθονῶν,
804 1987 862 2056 τδν
878 1997 1097 2078 Ληκυθίωνα,
1121 1990 1179 2061 τὸν

134 2090 342 2175 ’Μυρόπνουν
365 2092 401 2158 δὲ
424 2082 526 2171 αὖθις
549 2088 709 2158 ἀκεῖσθαι
730 2098 796 2158 τῶν
820 2092 958 2176 ἱματίων
980 2091 1022 2159 τά
1042 2094 1178 2183 διερρω-

142 2192 236 2279 γότα,
255 2193 385 2283 μαλάχη
399 2218 435 2280 με
448 2194 611 2283 πρότερον
624 2198 889 2289 μαστιγωθέντα,
904 2186 1021 2268 ἔπειτα
1034 2198 1090 2262 καὶ
1102 2202 1180 2262 τοῦ-

142 2321 201 2363 τον
218 2298 455 2396 παραδοθῆναι
470 2308 543 2375 τοῖς
559 2307 751 2378 πιττωταῖς,
771 2293 817 2375 ὥς
835 2291 997 2364 ἀπόλοιτο
1015 2300 1179 2386 παρατιλ-

143 2399 281 2484 λόμενος
306 2396 349 2466 τά
374 2406 505 2488 πρῶτα,
535 2399 675 2489 ῥυπώσῃ
702 2403 842 2488 προσέτι
867 2400 923 2466 καὶ
947 2406 1116 2490 ’γυναικείᾳ
1136 2407 1178 2489 τῇ
1297 2428 1306 2437 ·

142 2507 259 2590 πίττῃ,
278 2499 350 2570 εἶτα
369 2501 402 2582 ές
418 2500 476 2570 τὸν
493 2500 601 2587 Αίμον
619 2498 805 2585 ἀναχθέντα
822 2500 942 2589 γυμνὸν
960 2502 1091 2592 δαίτης
1105 2505 1180 2588 χιό-

141 2629 200 2683 νος
216 2610 324 2689 μένειν
343 2606 654 2689 συμπεποδισμένον
671 2603 718 2671 τώ
737 2603 833 2672 πόδε.

195 2721 408 2778 ΚΑΝΘΑΡΟΣ.
447 2714 511 2775 Φεῦ
528 2713 594 2775 τῶν
611 2713 728 2788 κακῶν,
749 2713 813 2795 φεῦ
831 2714 896 2775 τῶν
913 2713 1029 2789 κακοῖν,
1054 2703 1175 2788 ὀτοτοῖ,

142 2821 264 2877 παπαῖ
278 2812 448 2892 παπαιάξ.

196 2929 255 2983 AN.
269 2930 303 2984 A
341 2923 379 2982 Τί
395 2920 493 2982 τοῦτο
512 2918 717 3002 παρεντίθης
738 2919 804 2980 τῶν
821 2917 995 3001 τραγικῶν
1005 2911 1045 2981 σδ
1065 2912 1178 2981 διαλό-

140 3037 227 3102 μωνς
254 3011 322 3081 ἀλλ
339 3012 518 3083 ἀκολούθει
539 3013 633 3104 παρὰ
657 3014 735 3095 τοὺς
756 3012 926 3094 πιττωτὰς
946 3012 1024 3103 ἤδη,
1049 3014 1179 3084 ἀποδυ-

142 3116 288 3201 σάμενός
304 3143 340 3205 με
358 3119 521 3208 πρότερον
537 3145 594 3206 την
612 3119 753 3205 λεοντῆν,
779 3113 825 3196 ῶς
843 3112 1043 3205 μνωσθης’
1024 3143 1098 3198 ονος
1121 3116 1177 3187 ῶν.

647 3346 672 3400 1.

457 3485 511 3540 ΤΑ
534 3484 649 3540 ΠΡΟΣ
671 3483 862 3540 ΚΡΟΝΟΝ.

194 3648 337 3704 ΙΕΡΕΥΣ.
367 3623 539 3721 ὮΚρόνε,
569 3630 626 3699 σὺ
621 3631 696 3721 μ-διρ
725 3627 884 3713 ίοικας”
861 3654 970 3722 αρχειν
994 3630 1035 3699 τό
1056 3654 1093 3716 με
1119 3635 1209 3700 νῦνι
1237 3696 1239 3699 ,

89 3798 92 3801 ,
142 3732 303 3804 εἶναικαὶ
322 3737 376 3802 σοὶ
393 3739 541 3807 τέθυται
550 3759 592 3800 κα
591 3730 867 3833 ίκεκαλλιέρηται
880 3730 958 3821 παρ’
969 3732 1071 3821 ἡμῶν,
1090 3727 1159 3798 τί
1136 3758 1176 3799 αν

46 3908 57 3918 ,
139 3837 323 3925 μάλισταέ
324 3840 365 3905 πὶ
382 3844 447 3905 τῶν
466 3828 563 3927 ίιρῶν
580 3834 720 3925 αἰτήσας
736 3828 875 3937 λάβοιμι
891 3834 984 3923 παρὰ
1003 3841 1082 3919 σοῦ’,
1184 3854 1191 3895 ;

136 3990 142 3995 -
194 3956 358 4013 ΚΡΟΝΟΣ.
398 3944 501 4008 Τοῦτο
521 3941 581 4026 μέν
603 3936 703 4008 αάτδν
725 3962 763 4007 σε
784 3934 936 4019 καλῶς”
918 3962 986 4021 εχει
1010 3937 1176 4025 ἐσκέφθαι

141 4039 165 4112 δ
182 4071 218 4114 τι
236 4064 291 4127 σοι
309 4041 468 4131 εὐκταῖον,
488 4041 575 4114 εί
535 4070 580 4136 μη
598 4045 653 4113 καί
666 4043 784 4132 μάντιν
797 4038 869 4130 ἀμα
880 4036 1176 4124 ἐθέλειςείναιτὸν
