2792 4580
235 264 236 268 κ
268 233 378 289 Lm.
404 228 665 289 Σεκιιοεισει
686 232 714 289 Η
735 234 919 291 Amnem
939 234 1067 292 οι-εε
1115 223 1181 291 215

149 336 205 428 τὴν
222 344 335 425 κτῆσιν
354 333 447 405 σύὸὲν
466 334 534 404 ἀλλ’
550 333 571 424 ῆ
588 344 687 405 τοῦτο
705 336 742 418 έξ
762 335 918 407 ἁπάντων
941 352 1109 424 σκοπεῖτε,
1134 337 1181 423 ὥς

147 446 256 513 πλείω
272 441 436 527 κτήσεσθε
453 442 509 506 καὶ
526 438 582 508 διὰ
599 446 697 508 τοῦτο
716 438 804 529 ἀμφὶ
824 441 902 522 τοὺς
923 445 1105 525 πλουσίους
1127 441 1181 514 ἀεί

150 544 236 629 δχετε
254 545 310 611 καί
328 542 489 624 δανείζετε
506 544 562 609 καί
578 545 809 632 τοκογλυφεῖτε
827 548 883 613 καὶ
896 543 954 617 ἐπὶ
966 552 1085 634 μισθῷ
1098 572 1182 617 παι-

149 648 271 719 δεύετε.
307 645 409 714 πάλιν
425 670 462 713 τε
480 635 522 712 αὖ
539 642 597 733 τῆν
614 642 733 735 ῆδονῆν
748 653 920 731 μισοῦντες
936 652 993 715 καί
1008 655 1074 718 τῶν
1088 647 1181 719 Ἐπι-

149 755 306 838 κουρείων
322 754 577 838 κατηγοροῦντες
600 744 695 815 αὐτοὶ
716 747 758 816 τὰ
777 751 931 833 α’ίσχιστα
952 747 1071 840 ἡδονῆς
1089 752 1181 823 ἕνεκα

149 854 351 921 ποιεῖτεκαὶ
369 851 527 934 πάσχετε,
552 847 807 937 ἀγανακτοῦντες
829 853 862 919 εἴ
880 878 931 931 τις
952 852 996 941 μὴ
1014 856 1180 925 καλέσειεν

149 953 209 1025 ίπὶ
227 956 374 1025 δεῖπνον·
394 954 424 1022 εί
442 954 480 1022 δὲ
496 956 551 1020 καί
563 955 747 1041 κληθείητε,
766 956 985 1038 τοσαῦταμὲν
999 941 1178 1037 ἐσθίοντες,

149 1065 295 1127 τοσαῦτα
314 1059 350 1126 δὲ
366 1068 438 1135 τοῖς
456 1055 597 1136 οἰκέταις
610 1054 838 1136 ἐπιδιδόντες”
855 1060 974 1125 ...καὶ
992 1054 1062 1143 άμα
1079 1061 1181 1145 λέγων

150 1158 209 1249 τὴν
233 1157 357 1247 ὀθόνην
379 1165 548 1244 περισπᾶν
572 1158 734 1247 ἐπεχείρει
755 1158 793 1246 ῆν
812 1156 830 1225 ὁ
848 1171 931 1239 παῖς
953 1156 1018 1243 εἶχε
1039 1167 1098 1227 τοῦ
1116 1170 1182 1248 Ζη-

149 1265 343 1350 νοθέμιδος,
361 1256 482 1350 μεστὴν
500 1253 602 1330 οὖσαν
619 1261 844 1331 παντοδαπῶν
861 1268 972 1352 κρεῶν,
995 1265 1051 1330 καὶ
1069 1262 1182 1348 ἔμελλε

149 1367 253 1447 λύσας
275 1364 494 1455 ἀπορρίπτειν
517 1361 602 1432 αύτόι
624 1363 658 1444 ές
679 1362 862 1452 τούδαφος,
891 1362 994 1432 ἀλίίό
1017 1378 1100 1445 παῖς
1123 1361 1182 1432 ούκ

149 1465 248 1558 ἀνῆκε
265 1474 430 1558 καρτερῶς
449 1465 670 1552 ἀντεχόμενος.

200 1574 268 1639 Καὶ
286 1567 451 1658 δἝρμων,
467 1563 527 1638 “εύ
545 1566 610 1656 γε,”
632 1569 704 1658 ἔφη,
721 1560 774 1635 “ιό
791 1570 970 1658 Κλεόδημε,
990 1568 1181 1639 εἰπάτωσαν
1199 1589 1232 1640 87

151 1664 279 1754 οὗτινος
302 1673 394 1742 ἕνεκα
415 1671 533 1761 ἡδονῆς
554 1679 788 1762 κατηγοροῦσιν
811 1670 907 1740 αὐτοὶ
929 1668 1076 1760 ῆδεσθαι
1096 1669 1181 1761 ὑπὲρ

149 1774 230 1855 τοὺς
244 1771 364 1856 ἀλλους
382 1772 578 1857 ἀξιοῦντες.”
603 1771 695 1856 “οάκ,
716 1772 800 1842 ἀλλὰ
818 1771 889 1855 σδ,”
909 1766 929 1862 ἦ
949 1773 979 1843 δ’
992 1775 1030 1855 ὃς
1048 1771 1065 1842 ό
1080 1775 1182 1863 Ζηνό-

149 1885 263 1963 θεμις,
274 1875 382 1960 “είπὲ,
399 1869 613 1965 ὦΚλεόδημε,
629 1875 706 1945 καθ’
719 1873 739 1944 ό
747 1904 780 1945 τι
794 1876 852 1945 οὐκ
862 1875 1047 1967 ἀδιάφορον
1056 1875 1116 1967 ῆγῆ
1125 1875 1182 1945 τδν

149 1977 326 2050 πλοῦτον.”
348 1977 410 2048 “ού
422 1981 481 2066 μέν
491 1970 557 2061 σύν,
573 1976 655 2046 ἀλλὰ
665 1977 735 2048 σύ.”
755 1983 811 2047 καὶ
821 1979 879 2049 δττὶ
886 1978 972 2048 πολὺ
983 1980 1021 2047 τὸ
1030 1987 1182 2048 τοιοῦτον

149 2075 200 2172 ἦν,
224 2080 300 2172 άχρι
318 2081 356 2170 δὴ
376 2078 478 2150 δ’ίων
494 2082 673 2167 προκύψας
691 2081 725 2160 ές
741 2080 780 2149 τὸ
800 2081 1048 2171 ἐμφανέστερον,
1069 2078 1182 2148 “nav'-

149 2182 296 2267 σασθε,”
322 2185 401 2273 ἔφη·
424 2180 512 2270 “έγδι
541 2184 590 2263 δὲ,
618 2183 649 2250 εί
671 2184 773 2265 δοκεῖ,
801 2185 906 2270 λόγων
929 2181 1084 2272 ἀφορμάς
1105 2179 1182 2266 ύμῖν

149 2285 253 2369 ἀξίων
270 2293 328 2374 τῆς
346 2287 517 2376 παρούσης
535 2284 648 2374 ἑορτῆς
661 2285 842 2374 καταθήσω
858 2286 891 2365 ἐς
903 2286 942 2353 τό
955 2292 1070 2371 μέσον·
1088 2282 1182 2370 ύμεῖς

149 2391 190 2458 δὲ
207 2387 424 2478 ἀφιλονείκως
446 2387 549 2476 ἐρεῖτε
570 2391 626 2456 καὶ
648 2384 835 2456 ἀκούσεσθε
858 2383 972 2478 ὥσπερ
995 2384 1109 2472 ἀμέλει
1126 2391 1182 2455 καί

149 2490 246 2581 παρὰ
259 2498 307 2580 τῷ
326 2489 470 2579 ἡμετέρῳ
484 2478 637 2559 Πλάτωνι
654 2487 674 2578 ῆ
693 2492 831 2579 πλείστη
847 2489 998 2580 διατριβὴ
1008 2490 1133 2578 ἐγένετο
1148 2488 1181 2558 έν

150 2591 292 2680 λόγοις.”
330 2594 452 2672 πάντες
474 2592 635 2682 ἐπῄνεσαν
659 2592 692 2661 ολ
713 2594 889 2683 παρόντες,
912 2596 968 2660 καὶ
985 2594 1130 2677 μάλιστα
1149 2591 1183 2660 οἱ

150 2686 309 2784 ἀμφῖτὸν
315 2692 550 2785 Ἀρισταίνετόν
559 2722 595 2764 τε
608 2698 663 2763 καὶ
671 2693 840 2784 Εύκριτον,
856 2693 1115 2778 ἀπαλλάξεσθαι
1125 2701 1183 2781 τῆς
1270 2726 1274 2731 ’

151 2795 274 2885 ἀηδίας
285 2794 371 2864 οότω
385 2804 461 2885 γοῦν
476 2796 677 2880 ἐλπίσαντες,
690 2802 747 2866 καὶ
759 2802 906 2886 μετῆλθέ
914 2824 949 2866 τε
963 2796 1183 2884 όίίρισταίνε-

149 2924 211 2978 τος
225 2898 349 2968 ἀπὶτδν
362 2897 463 2968 αὓτοῦ
475 2900 592 2983 τόπον,
607 2901 734 2991 εἰρήνην
747 2908 947 2990 γεγενῆσθαι
955 2899 1105 2980 ἐλπίσας.
1126 2901 1182 2966 καὶ
1201 2919 1250 2969 38-

150 2996 225 3085 άμα
243 3000 484 3086 εἰσεκεκόμιστο
502 3000 580 3089 ἡμῖν
597 3002 635 3071 τὸ
651 3003 773 3082 ἐντελὲς
786 3001 1024 3088 ὀνομαζόμενον
1039 3005 1182 3083 δεῖπνον,

149 3109 215 3190 μία
234 3096 322 3193 όρνις
340 3103 466 3190 ἑκάστῳ
484 3107 542 3171 καὶ
557 3110 653 3192 κρέας
670 3103 730 3184 ὑὸς
746 3106 802 3171 καὶ
823 3107 936 3191 λαγῷα
956 3108 1012 3172 καὶ
1035 3103 1132 3187 ἰχθύς
1149 3103 1187 3171 ίκ

151 3205 293 3294 ταγήνου
307 3209 363 3274 καί
377 3212 598 3293 σησαμοῦντες
611 3209 667 3274 καὶ
681 3202 745 3274 όσα
760 3204 931 3293 ἐντραγεῖν,
946 3209 1003 3273 καὶ
1015 3205 1088 3292 ἐξῆν
1097 3202 1185 3275 ἀπσ-

152 3313 323 3398 φέρεσθοιι
339 3315 454 3379 ταῦτα.
490 3305 665 3398 προύκειτο
685 3308 721 3375 δέ
739 3304 797 3391 ούχ
814 3310 847 3375 ἓν
870 3308 997 3396 ἑκάστῳ
1020 3306 1183 3387 πινάκιον,

150 3407 224 3479 ἀλλ’
240 3408 468 3501 Ἀρισταινέτῳ
494 3413 553 3498 μέν
578 3413 635 3479 καὶ
655 3407 805 3499 Εὐκρίτῳ
833 3409 892 3479 ίπὶ
916 3417 997 3496 μιάς
1021 3409 1186 3500 τραπέζης

151 3513 271 3594 κοινὸν,
290 3518 347 3583 κοιλ
363 3514 405 3583 τά
422 3512 499 3605 παρ’
511 3512 599 3602 αὕτη]
619 3513 769 3603 ἑκάτερον
788 3513 880 3602 ἐχρῆν
894 3516 1021 3600 λαβεῖν’
1038 3514 1187 3600 Ζηνοθέ-

151 3618 229 3703 μιδι
252 3617 288 3684 δέ
309 3623 356 3704 τῷ
373 3623 511 3703 Στωϊκῷ
532 3613 740 3707 καὶἝρμωνι
761 3623 808 3704 τῷ
824 3615 1036 3707 Ἐπικουρείῳ
1061 3612 1186 3699 ὁμοίως

151 3717 264 3789 κοινὸν
280 3721 337 3786 καὶ
357 3718 503 3798 τούτοις·
526 3715 597 3786 εἶτα
619 3719 692 3806 ἑξῆς
708 3719 889 3807 Κλεοδήμῳ
912 3721 968 3787 καὶ
983 3717 1082 3798 Ἴωνι,
1105 3710 1184 3801 μεθ’

152 3821 214 3901 οὓς
235 3828 284 3909 τῷ
305 3824 439 3909 νυμφίῳ
461 3822 516 3888 καί
538 3819 626 3904 ἐμοὶ,
648 3826 697 3908 τῷ
719 3823 851 3909 Διφίλῳ
875 3821 911 3888 δέ
933 3817 976 3887 τὰ
998 3816 1139 3906 ἀμφοῖν
1166 3812 1185 3886 ὅ

151 3922 218 4015 γὰρ
235 3923 347 4012 Ζήνων
366 3918 581 4010 ἀπεληλύθει.
615 3925 672 3989 καὶ
688 3922 834 4009 μέμνησό
852 3947 912 4006 μοι
928 3921 1064 4004 τούτων,
1085 3911 1112 3986 ιδ
1129 3922 1187 3991 Φί-

151 4029 232 4110 λων,
253 4026 342 4095 διότι
360 4023 399 4114 δῆ
415 4024 487 4095 ύστι
502 4053 536 4094 τι
548 4027 605 4099 καὶ
618 4025 650 4096 ἒν
664 4021 778 4105 αὐτοῖς
789 4024 950 4114 χρήσιμον
964 4023 998 4105 ές
1009 4022 1066 4092 τὸν
1078 4022 1187 4111 λόγον.
