2730 4584
266 195 331 261 302
653 209 909 264 Λονιεικνιον

264 311 305 380 τὸ
327 313 447 392 κάλλος
467 314 561 393 τέλος
588 311 693 394 έστίν,·
721 304 766 379 ὧν
788 312 849 403 γὰρ
873 314 907 394 ές
926 321 1037 401 χρείαν
1059 310 1178 403 ἥκομεν
1200 311 1303 405 όιναγὲ

264 421 381 497 καίως,
415 411 474 483 οόκ
500 414 692 500 ἐλλείπομεν
719 414 812 484 οὐδέν
840 421 987 505 σπουδῆς
1013 418 1060 497 είς
1088 412 1167 489 ὅσον
1194 418 1304 498 έξεσττ
1357 434 1358 437 ’

264 518 424 587 κάλλιστα
441 520 706 600 κατασκευάζειν·
724 527 772 607 τῴ
786 546 821 586 τε
839 518 900 606 γὰρ
917 521 1070 607 Μενελάῳ
1089 515 1126 587 οὗ
1140 527 1303 589 τοσοῦτον

266 619 403 710 ἐμέλησε
419 628 478 710 τῆς
490 628 603 711 χρείας
619 629 686 689 τῶν
705 624 811 702 νίκων,
827 620 852 710 ή
872 620 950 690 ὅσον
962 620 1040 702 τοὺς
1054 622 1304 711 εἰσερχομένους

242 722 470 812 >έκπλήττειν,
504 727 559 791 καλ
586 722 643 792 διὰ
669 722 765 817 τοῦθ’
787 722 872 792 οὑτω
900 726 1203 806 πολυτελεστάταυς
1229 722 1304 811 δι’μα

264 828 481 895 κατεσκεύασε
498 830 554 895 καὶ
567 830 770 908 καλλίστους,
789 822 914 916 καὶτῆς
927 828 1056 916 γνάμης
1070 826 1128 910 οόχ
1141 825 1302 918 ήμαρτεντ

264 925 284 997 δ
301 929 363 1019 γὰρ
379 926 556 1010 Ὀδυσσέως
573 925 679 1010 οὑτως
697 928 887 1018 ἀγασθῆναι
904 934 1033 1017 λέγεται
1041 933 1195 1012 τούτους,
1214 931 1302 1003 κατὰ

263 1032 387 1100 πόστιν
405 1039 463 1100 τοῦ
481 1031 609 1120 πατρὸς
624 1034 671 1112 εἰς
685 1031 785 1101 αὐτὸν
802 1031 992 1122 ἀφιγμένος,
1012 1030 1088 1100 ὥστ’
1100 1034 1208 1108 εἰπεῖν
1220 1024 1303 1105 Πει-

264 1135 432 1222 σιστράτῳ
451 1143 499 1224 τῷ
516 1138 711 1224 Νεστορίδη,

264 1228 272 1239 ’
366 1240 471 1327 Ζηνός
489 1265 556 1308 που
574 1241 686 1327 τοιήδε
703 1237 730 1327 γ’
747 1236 921 1323 Ὀλυμπίου
941 1238 1076 1307 ένδοθεν
1095 1235 1187 1327 αόλή.

264 1339 364 1421 αὑτός
391 1339 460 1409 θ’δ
482 1350 542 1411 τοῦ
567 1350 739 1433 μειρακίου
767 1340 877 1431 πατὴρ
905 1339 963 1409 οὐκ
990 1340 1090 1409 ἄλλον
1115 1367 1174 1408 του
1201 1342 1299 1431 χάριν

261 1446 512 1534 μιλτοπαρήους
529 1436 586 1535 ἦγε
604 1445 663 1526 τὰς
680 1453 760 1526 ναῦς
781 1446 1080 1534 συστρατευόμενος
1102 1441 1300 1533 τσῐςἝλλη-

263 1569 317 1613 σιν
345 1546 403 1615 έπὶ
428 1557 546 1637 Τροίαν
571 1546 593 1636 ἢ
620 1545 714 1628 δ’πως
739 1548 817 1628 τοὺς
844 1545 990 1632 δρῶντας
1013 1546 1203 1634 ἐκπλήττειν
1227 1547 1299 1636 ἔχη.

262 1652 318 1716 καὶ
336 1649 450 1731 σχεδὸν
469 1650 503 1718 εἰ’
516 1678 568 1730 τις
585 1651 724 1739 ἑκάστην
742 1652 902 1732 ἐξετάζειν
919 1650 1075 1737 βούλεται
1087 1657 1154 1717 τῶν
1166 1657 1298 1734 τεχνῶν,
1359 1678 1360 1705 ν

263 1749 395 1840 εὑρήσει
412 1755 525 1832 πάσας
544 1752 577 1832 ές
593 1753 632 1820 τὸ
650 1756 770 1833 κάλλος
784 1751 915 1840 δρώσας
928 1759 982 1820 καί
996 1753 1115 1819 τούτου
1128 1753 1299 1839 τυγχάνειν
1359 1722 1360 1811 λ

210 1874 243 1925 26
263 1861 322 1920 τοῦ
341 1854 467 1936 παντὸς
483 1862 672 1940 τιθεμένας.
699 1865 857 1925 τοσοῦτον
876 1858 912 1924 δέ
925 1855 963 1924 τὸ
977 1856 1095 1934 κάλλος
1107 1861 1174 1922 τῶν
1188 1852 1298 1924 ἄλλων
1359 1920 1360 1951 η

262 1952 419 2025 ἁπάντων
437 1955 606 2044 ὑπερέχειν
625 1963 717 2027 δοκεῖ
738 1957 823 2031 ὥστε
845 1967 911 2026 τῶν
932 1961 991 2043 μέν
1009 1955 1029 2046 ἢ
1048 1956 1298 2048 δικαιοσύνηςῆ

263 2067 386 2148 σοφίας
404 2057 425 2148 ἢ
443 2058 596 2148 ἀνδρείας
612 2065 812 2148 μετεχόντων
830 2063 938 2130 πολλά
957 2087 1007 2141 τις
1026 2057 1065 2127 δν
1083 2056 1175 2147 εόροι
1190 2062 1298 2146 τιμιό-

259 2188 342 2248 μενα
363 2167 496 2248 μᾶλλον,
524 2173 590 2232 τῶν
617 2168 653 2233 δέ
678 2168 799 2254 ταύτης
821 2173 878 2254 τῆς
902 2166 992 2245 ἰδέας
1017 2164 1297 2250 κεκοινωνηκότων
1358 2100 1360 2255 ζ

259 2267 390 2352 βέλτιόν
409 2266 497 2335 ἐστιν
520 2266 625 2355 εὑρεῖν
648 2267 750 2349 οέδέν,
776 2265 889 2357 ὥσπερ
914 2266 952 2356 δή
976 2270 1031 2334 καί
1049 2274 1114 2334 τῶν
1135 2265 1181 2354 μή
1198 2292 1295 2350 μετε-
1359 2260 1360 2275 ’

261 2370 427 2458 σχηκότων
444 2368 639 2460 ἀτιμότερον
658 2371 767 2440 οὐδέν·
785 2373 906 2457 μόνους
923 2378 1000 2457 γοῦν
1017 2368 1095 2448 τοὺς
1112 2367 1157 2456 μὴ
1175 2367 1296 2450 καλοὺς

261 2465 463 2556 ὀνομάζομεν
482 2473 650 2561 αἰσχροὺς,
675 2474 720 2557 ιὺς
738 2473 833 2543 οὐδὲν
851 2471 898 2555 όν,
923 2475 956 2541 εί
974 2479 1009 2540 τί
1029 2498 1081 2552 τις
1103 2471 1183 2555 έχων
1201 2472 1297 2556 τάχει

259 2577 485 2662 πλεονέκτημα
502 2584 566 2644 τῶν
585 2574 701 2658 ἄλλων,
721 2579 860 2657 κάλλους
879 2576 1099 2665 ἐστερημένος.
1135 2636 1139 2643 .

207 2696 242 2746 27
264 2732 270 2737 .
302 2672 399 2757 ’Τοὺς
416 2680 475 2762 μέν
494 2669 588 2767 σόνῆ
611 2683 929 2768 δημοκρατουμένοις
950 2678 993 2746 τά
1015 2676 1108 2745 κοινὰ
1132 2678 1296 2746 διοικοῦν-
1320 2700 1328 2711 ·

259 2806 320 2860 τας
341 2777 362 2868 ἢ
384 2781 554 2866 τυράννοις
575 2780 858 2870 ὑποτεταγμένους
883 2781 961 2861 τοὺς
985 2782 1044 2866 μέν
1067 2779 1294 2868 δημαγωγοὺς,

257 2882 336 2961 τοὺς
354 2885 390 2950 δέ
407 2885 547 2966 κόλακας
565 2888 734 2970 καλοῦμεν,
753 2886 875 2970 μόνους
897 2887 933 2952 δέ
949 2882 1028 2964 τοὺς
1046 2881 1114 2952 ὑπὸ
1131 2884 1234 2971 ταότη
1253 2890 1295 2974 τῇ

260 2986 398 3070 δυνάμει
421 2994 613 3074 γενομένους
640 2990 855 3073 θαυμάζομέν
880 3013 917 3056 τε
943 2987 1149 3078 φιλοπόνους
1174 2990 1296 3054 τεκαὶ
1360 3004 1361 3085 ζ

259 3090 460 3176 φιλοκάλους
477 3087 679 3177 ὀνομάζομεν
701 3095 756 3159 καὶ
778 3089 907 3171 κοινοὺς
928 3091 1100 3176 νομίζομεν
1123 3086 1296 3177 εὐεργέτας

156 3188 171 3201 ”
257 3189 336 3271 τοὺς
353 3199 418 3260 τῶν
435 3198 542 3263 καλῶν
561 3194 771 3280 ἐπιμελητάς.
800 3190 856 3262 ὅτε
873 3200 982 3262 τοίνυν
1001 3189 1087 3260 οὑτω
1100 3193 1159 3277 μέν
1174 3189 1296 3278 σεμνὸν

257 3292 296 3362 τὸ
314 3296 433 3376 κάλλος
451 3295 547 3376 ἐστίν,
569 3294 655 3365 οὑτω
669 3300 705 3365 δέ
718 3311 790 3378 τοῖς
803 3305 907 3367 πᾶσιν
921 3296 954 3364 έν
969 3293 1064 3384 εὖχής
1076 3301 1170 3381 μέρει
1183 3306 1296 3377 τυχεῖν

256 3400 371 3484 κέρδος
392 3425 427 3466 τε
450 3402 619 3485 νομίζουσι
640 3400 679 3468 τδ
697 3403 806 3489 τούτῳ
828 3428 862 3469 τι
881 3403 1075 3486 διακονῆσαι
1097 3399 1294 3486 δυνηθῆναι,

256 3508 332 3580 πῶς
357 3499 444 3588 ἡμᾶς
470 3504 605 3584 εἰκότως
632 3502 691 3571 οόκ
717 3500 756 3571 άν
787 3530 838 3584 τις
870 3502 1043 3588 ἐμέμψατο
1075 3500 1105 3567 εἰ
1130 3506 1294 3568 τοσοῦτον

257 3603 384 3687 έχοντες
401 3607 515 3694 κέρδος
532 3608 710 3696 κερδαίνειν
729 3604 839 3674 έπειθ
856 3605 961 3673 ἑκοντὶ
979 3609 1184 3690 προϊέμεθα,
1209 3599 1292 3689 μηδ’

257 3704 338 3775 αότὸ
356 3715 455 3776 τοῦτο
473 3709 663 3778 αἰσθέσθαι
682 3713 885 3797 δυνηθέντες,
906 3705 958 3776 ὅτι
976 3708 1205 3794 ζημιοόμεθα,·

204 3829 238 3879 28
311 3819 474 3880 Τοσοῦτον
491 3813 550 3898 μέν
569 3813 609 3902 δή
627 3811 716 3900 κάγώ
739 3813 796 3880 τὸν
819 3813 914 3897 λόγον
939 3811 1155 3898 ἐποιησάτην,
1180 3805 1298 3876 πολλὰ
1360 3848 1361 3873 ι

254 3920 321 3979 τῶν
341 3913 477 3983 ένόντων
494 3942 553 4000 μοι
570 3921 648 4003 περὶ
662 3918 801 4007 κάλλους
815 3916 921 3983 εἰπεῖν
936 3911 1080 4003 άφελιὺν,’
1099 3907 1216 3999 ἐπειδὴ
1234 3907 1299 3999 τὴν

256 4022 430 4084 συνουσίαν
449 4017 506 4085 έπλ
524 4019 609 4086 πολὺ
628 4025 905 4108 παρατεινομένην
924 4017 1045 4107 ἑτάρων.
1152 4026 1156 4031 ’
