2792 4580
205 241 330 300 Lxxn.
355 241 374 278 ν
390 241 492 295 ωεστ
506 241 593 299 ’.τετε
610 241 768 299 zmar-
787 240 902 296 εσσε
918 239 1022 296 4-10.
1064 228 1134 299 221

98 351 262 419 δοκέουσι.
293 344 420 433 κεφαλὴ
438 344 684 424 ἑκάστουέτεος
702 344 738 425 ἐξ
752 345 926 432 Αἱμύπτου
944 344 978 425 ἐς
994 343 1052 433 τὴν
1064 345 1135 412 135-¹
1229 374 1234 385 ⁸

96 456 178 539 βλσν
201 446 393 519 ἀπικνέεται
412 445 575 515 πλώουσα
575 447 653 545 πὸτ
675 447 797 532 μεταξὺ
819 447 925 515 πλόον
947 445 1033 515 ἑπτὰ
1050 445 1132 534 ἡμα-

97 559 190 644 ρέων,
210 557 266 619 καί
277 576 334 635 μιν
348 550 381 617 οἱ
395 547 510 634 ἀνεμαι
523 556 681 639 φορέουσι
695 555 774 638 θείῃ
788 552 949 637 ναυτιλίῃ·
967 550 1136 637 τρέπεται

98 657 135 724 δέ
158 652 304 739 ούδαμά,
328 649 447 732 ἀλλ’ἐς
468 653 589 738 μούνην
610 651 667 739 τὴν
684 654 812 738 Βύβλον
835 648 1035 723 ἀπικνέεται.
1075 655 1133 720 καί

98 757 171 827 ἐστι
187 754 226 824 τὸ
246 756 380 840 σύμπαν
397 760 515 839 θῶμα,
538 757 709 822 καὶτοῦτο
731 753 869 825 ἑκάστου
888 753 978 834 ἐτεος
994 760 1128 841 γίνεται,

96 857 136 928 τὸ
153 861 211 927 καὶ
229 856 307 942 ἐμεῦ
325 858 509 943 παρεόντος
526 855 559 924 ἐν
575 857 694 945 Βύβλφ
714 855 853 943 ἐγένετο·
876 859 932 923 καὶ
950 855 1010 945 τὴν
1027 878 1132 945 napa-

97 959 156 1050 λὴν
175 956 366 1048 ἐθεησάμην
382 962 552 1046 Βυβλίνην.

141 1059 212 1131 ”Eva
230 1063 266 1130 δὲ
283 1065 339 1135 καὶ
356 1060 436 1131 ἀλλο
454 1068 559 1145 θῶμα
577 1059 610 1130 ἐν
631 1069 671 1150 τῇ
691 1061 782 1151 χαίρῃ
805 1067 845 1150 τῇ
861 1064 1000 1150 Βυβλίῃ,
1024 1086 1132 1129 ποτα·
1148 1082 1165 1132 8

96 1163 161 1250 μὸς
180 1162 215 1231 ἐκ
232 1170 291 1231 τοῦ
309 1165 457 1249 Λιβάνου
480 1171 539 1231 τοῦ
563 1161 677 1251 ούρεος
695 1163 728 1242 ές
744 1162 802 1251 τὶην
825 1159 890 1230 ἀλα
912 1163 1052 1231 ἐκδιδοῖ·
1075 1159 1132 1231 ού-

97 1290 184 1351 νομα
200 1272 248 1353 τῷ
264 1273 407 1353 ποταμῷ
423 1263 553 1345 Ἄδωνις
572 1265 748 1335 ἐπικέεται.
785 1262 803 1333 5
828 1267 864 1331 δέ
887 1266 1039 1350 ποταμός
1057 1265 1132 1332 ἐκά-

99 1393 178 1437 στου
202 1367 292 1447 ἐτεος
314 1369 514 1453 αἱμάσσεται
535 1369 593 1433 καὶ
611 1366 669 1455 τὴν
689 1365 802 1457 χροιὴν
829 1364 948 1447 ὀλέσας
974 1367 1132 1435 ἐσπίπτει

99 1470 134 1551 ἐς
150 1468 209 1558 τὴν
226 1471 403 1539 θάλασσαν
421 1473 476 1537 καὶ
498 1473 666 1557 φοινίσσει
683 1467 722 1535 τὸ
745 1467 869 1537 πολλὸν
891 1476 951 1536 τοῦ
969 1470 1132 1556 πελάγεος

98 1576 154 1643 καὶ
173 1577 324 1659 σημαίνει
341 1585 412 1650 τοῖς
424 1575 581 1657 Βυβλίοις
598 1569 640 1637 τά
659 1577 798 1639 πένθεα.
825 1577 1010 1655 μυθέονται
1029 1573 1065 1639 δὲ
1079 1568 1133 1639 ότι

97 1675 239 1763 ταύτῃσι
255 1681 332 1763 τῇσι
348 1671 487 1764 ἡμέρῃσι
504 1671 523 1741 5
539 1672 670 1752 Ἄδωνις
692 1672 754 1741 ἀνὰ
771 1672 828 1741 τὸν
845 1680 990 1759 Λίβανον
1013 1674 1133 1762 τιτρώ-

93 1796 214 1846 σκεται
235 1776 349 1843 καὶτὸ
374 1775 457 1860 αἱμα
479 1776 512 1856 ἐς
533 1774 572 1844 τό
591 1773 681 1862 ύδωρ
700 1775 872 1866 ἐρχόμενον
895 1773 1054 1844 ἀλλάσσει
1074 1774 1154 1856 τὸν,

98 1878 252 1965 ποταμὸν
269 1882 325 1945 καὶ
342 1886 389 1965 τῷ
407 1879 476 1967 ῥόῳ
493 1877 552 1965 τὴν
570 1878 757 1965 ἐπωνυμίην
775 1880 874 1947 διδοῖ.
909 1886 1014 1946 ταῦτα
1026 1880 1163 1963 μέν
1100 1878 1134 1945 οἱ

99 1984 222 2048 πολλοὶ
243 1985 388 2068 λέγουσι,
418 1980 492 2065 ἐμοὶ
518 1982 556 2047 δέ
581 2005 632 2059 τις
655 1978 734 2068 ἀνὴρ
756 1981 901 2064 Βύβλιος
923 1979 1053 2068 ἀληθέα
1076 1982 1137 2048 δο-

99 2089 182 2150 κέων
204 2085 307 2208 λέῃειν
329 2082 439 2172 ἑτέρην
454 2080 625 2206 ἀπηγέετο
646 2089 705 2148 τοῦ
728 2083 862 2161 πάθεος
884 2082 954 2149 αίτί
941 2088 1000 2168 ίην.
1043 2081 1132 2167 ἐλεγέ

101 2187 137 2252 δέ
156 2176 273 2269 ωδε·“
278 2180 477 2264 όἈδωνιςὶ
461 2212 479 2251 ο
497 2182 658 2268 ποταμός,
679 2211 706 2249 ω
692 2175 817 2265 ξεῖνε,
838 2182 894 2251 διὰ
910 2206 969 2250 του
955 2183 1164 2306 Λιβάνου

100 2287 241 2413 ἐφχεται,
271 2313 289 2354 ο
313 2288 402 2356 δ
370 2293 516 2372 Λίβανος
537 2288 641 2373 κάρτα
668 2285 901 2373 ξανθόγεώςέ
903 2306 988 2353 στιν·
1016 2277 1164 2367 ἀνεμοι

101 2381 147 2457 ὦν
164 2388 327 2478 τρηχέες
314 2414 363 2456 εκε
365 2396 453 2479 ίνῃσι
473 2412 552 2476 τῃσι
574 2385 715 2478 ἡμέρῃσι
738 2385 963 2474 ἱστάμενοι
930 2413 987 2474 την
1009 2393 1067 2474 μην
1083 2392 1133 2474 τῷ

100 2499 243 2579 ποταμῷ
263 2491 463 2579 ἐπιφέρουσι
481 2490 635 2559 ἐοῦσαν’
621 2517 654 2571 ες
675 2491 718 2559 τὰ
739 2491 885 2575 μάλιστα
906 2484 1131 2573 μιλτώδεα,
1111 2516 1142 2613 η

101 2595 138 2661 δέ
155 2601 194 2681 γῆ
212 2620 268 2679 μιν
286 2594 435 2679 αἱμώδεα
452 2600 582 2682 τίθησι,
606 2619 662 2661 και
651 2594 776 2661 τοῦδε
797 2600 857 2661 τοῦ
880 2593 1013 2671 πάθεος
1035 2588 1074 2659 σύ
1092 2588 1133 2658 τδ

101 2694 241 2780 αἱματδ
261 2700 400 2784 λέγουσι,
420 2694 520 2784 ἀλλ’ἢ
537 2698 627 2784 χώρη
647 2693 765 2784 αἰτίη.”
807 2693 824 2763 5
843 2699 902 2781 μέν
919 2720 978 2780 μοι
989 2694 1142 2779 Βύβλιος,

99 2805 246 2871 τοσαῦτα
264 2795 440 2887 ἀπηγέετο·
460 2799 490 2866 εἰ
509 2800 544 2867 δὲ
563 2796 723 2887 ἀτρεκέως
739 2805 844 2866 ταῦτα
862 2798 962 2886 ἐλεγέ,
984 2796 1058 2882 ἐμοὶ
1074 2797 1144 2881 μέν·

101 2903 210 2969 δοκέει
226 2902 330 2989 κάρτα
347 2906 425 2987 θείη
444 2903 575 2967 καὶτοῦ
595 2899 714 2985 ἀνέμου
732 2898 752 2988 5
772 2907 934 2988 συντυχίη.
960 2896 1079 2989 ἀνέβην
1096 2900 1133 2967 δέ
1151 2921 1166 2971 9
1276 2926 1279 2933 “

99 3007 157 3087 καὶ
175 3003 209 3080 ἐς
226 3000 283 3071 τὸν
301 3007 445 3084 Λίβανον
464 3001 498 3067 ἐκ
514 3003 659 3085 Βύβλου,
684 2998 762 3070 όδδν
779 2999 914 3089 ἡμέρης,
937 3003 1146 3088 πυθόμενος,

101 3103 227 3173 αὐτόθι
246 3100 380 3188 ἀρχαῖον
399 3100 468 3190 ἱρὸν
482 3099 676 3190 Ἀφροδίτης
694 3102 842 3187 ἐμμεναι,
867 3102 905 3170 τὸ
923 3106 1064 3191 Κινύρης
1086 3106 1134 3173 εἱ·
1181 3176 1199 3183 ,

101 3231 195 3286 σατο,
215 3206 270 3270 καὶ
289 3200 375 3271 εἱδον
392 3202 431 3272 τὸ
452 3202 521 3292 ἱρὸν
537 3206 593 3273 καλ
607 3201 741 3293 ἀρχαῖον
758 3196 807 3291 ἦν.
834 3205 914 3272 τάδε
931 3211 990 3288 μέν
1008 3206 1079 3273 ἐστι
1091 3205 1143 3281 τά)

102 3309 136 3377 ἐν
153 3315 194 3397 τῇ
212 3312 314 3396 Συρίῃ
333 3304 455 3396 ἀρχαῖα
472 3311 528 3374 καὶ
545 3307 672 3394 μεγάλα
691 3307 756 3394 ἱρά.

158 3410 329 3479 Τοσούτων
348 3411 384 3479 δὲ
402 3409 520 3478 ἐόντων
542 3409 617 3494 ἐμοὶ
640 3410 746 3477 δοκέει
769 3406 863 3477 ούδὲν
879 3415 945 3476 τῶν
968 3408 1001 3476 ἐν
1022 3415 1061 3499 τῇ
1081 3408 1133 3499 ἱρῇ
1153 3432 1186 3479 10

101 3514 187 3584 πόλι
211 3515 309 3599 μέζον
324 3512 458 3597 ἐμμεναι
473 3508 549 3581 σάδέ
561 3509 638 3598 νηὸς
651 3508 750 3592 ἀλλος
758 3509 942 3601 Ιαἱχιιότερος
956 3508 1037 3580 ούδέ
1043 3513 1133 3600 χώρη

103 3613 186 3704 άλλη
211 3617 350 3704 ἱροτέρη.
396 3614 443 3681 ἐνι
466 3616 578 3681 δὲκαὶ
601 3613 678 3703 ἔργα
703 3614 736 3683 ἐν
763 3611 854 3703 αύτῷ
876 3618 1058 3683 πολυτελέα
1079 3618 1142 3687 καλ1

103 3717 226 3807 ἀρχαῖα
248 3714 449 3815 ἀναθηματα
470 3719 524 3782 καὶ
547 3716 657 3785 πολλὰ
679 3718 849 3803 θώματα
848 3721 904 3785 καὶ
926 3719 1028 3800 ξόανα
1050 3725 1132 3785 θεσ-

102 3824 267 3907 πρεπέα.
273 3846 329 3887 και
317 3821 423 3889 θεολ
438 3819 528 3885 δέ’
489 3845 593 3908 καρτα
606 3817 924 3917 αύτοῖσιέμφανέες·
945 3818 1144 3911 ἱδριύειμάρ

104 3913 195 4011 55
168 3948 213 3990 ων
233 3920 336 4010 παρὰ
350 3928 448 4011 σφίσι
469 3919 511 3999 τὰ
538 3923 640 4002 ξόανα
665 3926 721 3990 καὶ
746 3930 891 4001 κινέεται
907 3928 964 3991 καὶ
987 3946 1134 4017 χρησμη-

100 4029 226 4115 γορέει·
239 4050 281 4095 κα
282 4023 419 4115 ἱβυηδὶ
432 4024 591 4105 πολλάκις
604 4024 754 4114 ἐγενετο
740 4055 772 4096 εν
785 4033 834 4116 τῷ
846 4054 914 4117 νηφ
898 4032 1172 4107 κλεισθέντος
