2792 4580
256 199 324 267 234
648 202 903 267 Λουκικκοκ

258 316 408 409 έπαινέη,
433 313 506 404 άγει
523 315 557 395 ές
574 312 613 384 τὸ
631 314 750 404 πρόσω
768 310 846 393 τοὺς
868 317 1030 402 φέροντας
1051 304 1203 404 ὅκωσπερ
1220 310 1289 403 ήνι·

257 427 369 505 οχέων.
397 415 486 487 οῦτω
503 420 562 504 μὲν
580 423 810 507 συναγείρουσι
826 414 869 484 τὰ
886 420 1046 508 θέσφατα
1061 418 1118 484 καὶ
1132 412 1205 484 οῦτε
1219 415 1288 506 ίρδν

257 529 394 614 πρήγμα
412 519 506 590 οῦδὲν
524 517 600 590 οῦτε
616 522 703 589 ἰ’διον
719 520 838 588 τοῦτου
858 515 934 587 ἀνευ
952 524 1119 589 ποιέουσι.
1153 521 1240 607 λέγει
1252 519 1288 586 δδ

256 629 314 694 καὶ
334 632 394 693 τοῦ
417 624 508 707 ἔτεος
528 629 609 714 πέρι
630 627 686 693 καὶ
707 630 780 715 τῶνΙ
796 619 909 713 ἀρέων
931 618 1033 692 αὐτοῦ
1058 626 1208 703 πασέων,
1234 622 1287 688 καὶ

222 726 229 744 “
259 726 353 797 ὁκότε
376 727 508 796 ἔσονται
528 732 585 794 καὶ
606 722 702 795 όκότε
725 723 783 793 οῦκ
805 724 946 794 ἔσονται.
986 727 1074 813 λέγει
1096 726 1133 792 δέ
1154 727 1212 792 καί·
1230 729 1287 791 τοῦ

151 830 158 839 ”
261 836 401 921 σημηίου
421 837 513 920 πέρι,
536 830 614 898 κότε
627 831 689 918 χρή
707 855 764 915 μιν
786 825 989 917 ἀποδημέειν
1009 824 1067 917 τήν
1090 825 1186 897 εἶπον
1204 824 1287 895 ἀπο-

207 959 240 1008 37
262 937 391 1023 δημίην.
434 933 514 1021 έρέω
538 934 652 1000 δὲκαὶ
674 929 769 1014 ἀλλο,
793 931 831 999 τὸ
855 929 931 1017 έμεῦ
953 932 1138 1021 παρεόντος
1160 931 1287 1019 ἐ’πρηξε.

262 1039 295 1106 ol
317 1044 376 1123 μέν
393 1064 451 1123 μιν
475 1036 560 1125 ίρέες
581 1032 747 1124 ἀείροντες
769 1034 895 1122 ἐ’φερον,
921 1029 939 1101 δ
962 1034 1000 1102 δέ
1021 1032 1099 1114 τοῦς
1120 1036 1180 1120 μέν
1202 1031 1234 1101 έν
1251 1036 1288 1120 γῇ

207 1162 241 1212 38
261 1139 350 1208 κάτω
369 1139 472 1221 ἐ’λιπε,
494 1136 595 1219 αὐτὸς
613 1139 650 1206 δέ
668 1137 700 1206 έν
718 1144 765 1226 τῇ
783 1134 856 1226 ἠέρι
872 1142 995 1222 μοῦνος
1013 1135 1181 1227 ἐφορέετο.
1208 1131 1312 1221 μετδί.

259 1240 571 1312 δέ’τδνίίπόλλωνα
589 1242 706 1324 ξόανόν
724 1240 813 1310 ἐστιν
824 1235 1001 1322 Ἄτλαντος,
1020 1238 1105 1324 μετὰ
1125 1240 1161 1308 δὲ
1170 1236 1288 1329 Ἑρμέω

257 1347 313 1413 καὶ
329 1345 527 1433 Εἰληθυίης.

205 1469 239 1518 39
312 1446 360 1517 Τὰ
381 1449 440 1534 μέν
463 1440 509 1516 οῦν
532 1445 622 1528 ἐντὸς
644 1453 704 1515 τοῦ
725 1453 804 1534 νηοῦ
827 1436 893 1513 ὦδε
914 1450 1150 1531 κεκοσμέαται·
1177 1443 1292 1526 έξωδδ

256 1551 373 1637 βωμός
389 1577 440 1631 τις
457 1555 565 1618 κέεται
582 1555 685 1636 μέγας
701 1550 852 1633 χάλκεος,
877 1546 936 1616 σῦν
954 1550 1064 1617 δὲκαὶ
1086 1546 1175 1615 άλλα
1194 1548 1292 1629 ξόανα

216 1702 220 1707 -
255 1660 360 1741 μυρία
379 1655 502 1738 χάλκεα
523 1656 687 1739 βασιλέων
709 1655 818 1718 τεκαὶ
842 1652 947 1739 ἱρέων.
982 1654 1152 1734 καταλέξω
1173 1652 1210 1720 δέ
1228 1655 1291 1718 τῶν

254 1756 403 1841 μάλιστα
426 1752 519 1838 ἀξιον
540 1756 746 1843 μνήσασθαι.
786 1753 819 1821 έν
842 1750 997 1844 ἀριστερῇ
1019 1761 1079 1822 τοῦ
1097 1761 1179 1843 νηοῦ
1196 1765 1293 1839 Σεμι-

257 1858 518 1949 ράμίοςιξόανον
541 1858 655 1946 ἕστηκε
678 1855 711 1924 έν
734 1857 824 1946 δεξιῇ
846 1854 903 1924 τὸν
928 1855 1006 1945 νηὸν
1028 1856 1292 1945 ἐπιδεικνύουσα.

257 1957 375 2050 ἀνέστη
395 1962 432 2028 δέ
450 1958 492 2029 δι’
505 1961 612 2048 αἰτίην
629 1959 774 2048 τοιήνδε·
794 1956 1020 2047 ἀνθρώποισι,
1041 1948 1163 2030 ὁκόσοι
1176 1964 1291 2048 Συρίην
1364 1964 1365 2023 ί

258 2062 417 2145 οἰκέουσι,
441 2065 542 2149 νόμον
561 2062 711 2132 ἐποιέετο
730 2060 852 2150 ἑωυτὴν
874 2061 934 2147 μὲν
956 2057 1042 2142 δκως
1059 2061 1148 2132 θεὸν
1168 2063 1294 2130 ἱλάσκε·
1364 2060 1365 2071 ³

164 2202 170 2209 =
257 2173 352 2248 σθαι,
372 2172 463 2235 θεῶν
483 2168 519 2235 δὲ
536 2173 601 2234 τῶν
620 2161 726 2232 ἀλλων
745 2168 800 2232 καὶ
819 2161 919 2252 αῦτής
931 2159 1030 2253 Ἥρης
1048 2161 1212 2256 ἀλογέειν.
1242 2163 1293 2231 καί
1351 2200 1365 2249 A

256 2259 324 2337 ὦδε
342 2268 482 2340 ἐποίεον.
518 2260 602 2354 μἐτὰ
620 2270 656 2335 δὲ
675 2264 721 2347 δίς
739 2268 772 2335 οί
791 2267 920 2335 θεόθεν
942 2263 1105 2337 ἀπίκοντο
1128 2273 1246 2344 νοῦσοί
1260 2289 1294 2334 τε

256 2376 312 2440 καὶ
331 2370 485 2462 συμφορή
505 2373 560 2437 καί
579 2368 693 2458 άλγεα,
716 2376 834 2457 μανίης
851 2371 910 2455 μὲν
930 2369 1051 2458 έκείνης
1068 2366 1294 2441 ἀπεπαύσατο

259 2477 316 2542 καὶ
333 2474 457 2565 θνητὴν
476 2471 599 2561 ἑωυτὴν
620 2469 789 2561 ὡμολόγει
811 2476 865 2540 καὶ
887 2485 977 2543 τοῖσι
998 2471 1189 2562 ῦπηκόοισι
1205 2464 1295 2550 αῦτις

258 2578 384 2646 ἐκέλευε
402 2572 545 2667 έςἭρην
561 2576 766 2665 τράπεσθαι.
802 2577 939 2644 τοόνεκα
958 2575 997 2666 δή
1017 2577 1066 2653 ῦιι
1086 2580 1209 2666 τοιήδε
1227 2573 1298 2643 ἀνέ·

258 2706 354 2769 στηκε
371 2693 462 2748 τοῖσι
480 2676 746 2764 ἀπικνεομένοισι
763 2678 821 2767 τήν
831 2675 929 2768 Ἥρην
948 2680 1155 2751 ἱλάσκεσθαι
1173 2674 1296 2748 δεικνό·

258 2808 343 2851 ουοα
359 2787 416 2852 καὶ
437 2782 520 2852 θεὸν
544 2779 652 2850 οῦκέτι
669 2780 802 2869 ἑωυτήν,
827 2778 896 2848 ἀλλ’
913 2780 1036 2871 έκείνην
1054 2779 1294 2873 ὁμολογέουσα

205 2907 241 2956 40
259 2884 348 2956 εἶδον
366 2888 403 2955 δέ
420 2881 476 2954 κἀί
490 2883 616 2972 Ἑλένης
634 2881 760 2955 αῦτόθι
782 2881 913 2971 ἀγαλμα
930 2889 987 2953 καὶ
1000 2881 1142 2977 Ἑκάβης
1159 2890 1219 2955 καὶ
1232 2882 1296 2955 ν’ίν·

258 2990 424 3079 δρομάχης
441 2991 497 3056 καί
514 2988 661 3078 Πάριδος
677 2990 734 3053 καὶ
748 2982 901 3076 Ἕκτορος
922 2990 978 3055 καὶ
992 2984 1168 3072 Ἀχιλλέος.
1211 2986 1305 3057 είδον-

257 3094 295 3161 δέ
312 3096 367 3162 καὶ
381 3100 501 3183 Νιρέος
520 3093 594 3171 ἕδος
611 3097 669 3159 τοῦ
687 3087 834 3178 ν’ίγλαέης
851 3095 906 3159 κἀὶ
926 3093 1114 3181 Φιλομήλην
1133 3097 1193 3162 καί
1209 3088 1297 3181 Πρό-

256 3223 330 3284 κνην
358 3196 407 3264 ἔτι
433 3209 600 3284 γυναῖκας,
629 3196 685 3260 καὶ
712 3191 810 3262 οῦτδν
836 3200 941 3284 Τηρέα
963 3192 1099 3284 όρνιθα,
1130 3200 1190 3264 καλ
1217 3193 1296 3264 ἀλλο

257 3296 388 3386 άγαλμα
400 3300 604 3388 Σεμιράμιος
616 3301 672 3364 καὶ
685 3298 865 3383 Κομβάβου
879 3296 918 3366 τὸ
931 3301 1097 3381 κατέλεξα,
1119 3302 1179 3367 καὶ
1191 3311 1299 3388 Στρα-

256 3406 384 3490 τονίκης
401 3401 506 3491 κάρτα
523 3399 623 3467 καλὸν
639 3402 696 3466 καὶ
707 3397 916 3489 Ἀλεξάνδρου
936 3398 1024 3489 αῦτῷ
1043 3400 1160 3490 έκείνῳ
1179 3402 1296 3470 ἰ’κελον.

256 3500 351 3593 παρὰ
369 3505 405 3570 δέ
424 3505 457 3570 οἱ
469 3502 751 3592 Σαρδανάπαλλος
770 3502 883 3592 ἕστηκε
901 3500 983 3593 άλλη
1000 3511 1118 3593 μορφῇ
1137 3507 1198 3571 καί
1217 3498 1296 3589 άλλη

204 3628 238 3676 41
258 3609 377 3696 στολῇ..
406 3605 439 3676 έν
458 3608 494 3674 δέ
510 3613 551 3695 τῇ
570 3603 652 3695 αῦλῇ
671 3601 792 3695 ἀφετοι
809 3612 963 3692 νέμονται
983 3606 1062 3691 βόες
1077 3607 1228 3693 μεγάλοι
1243 3604 1298 3673 καί

256 3710 362 3778 ἵπποι
377 3712 434 3777 καί
452 3709 558 3778 αἰετοὶ
575 3711 632 3777 καὶ
648 3705 765 3798 ἀρκτοι
781 3711 837 3777 καὶ
854 3711 990 3792 λέοντες,
1009 3711 1065 3776 καλ
1082 3703 1299 3798 ἀνθρώπους

258 3809 389 3898 οῦδαμδι
403 3817 557 3897 σίνονται,
578 3809 662 3880 ἀλλὰ
674 3813 798 3893 πάντες
812 3812 880 3900 ίροί
891 3816 929 3881 τέ
942 3811 1008 3880 εἰσι
1019 3812 1074 3880 καὶ
1085 3812 1298 3903 χειροήθεες.

203 3935 240 3983 εν
306 3911 401 4005 Ἱρέες
419 3916 456 3986 δέ
473 3913 605 3987 αῦτοῖοι
622 3918 744 3986 πολλοὶ
761 3912 1018 4001 ἀποδεδέχαται,
1036 3918 1105 3983 τιῦν
1125 3915 1163 3983 ολ
1178 3915 1242 4002 μὲν
1258 3907 1299 3980 ιδ

259 4015 350 4106 ίρήια
359 4019 533 4109 σφάζουσι,
550 4019 583 4089 οἱ
596 4019 633 4089 δδ
642 4020 941 4110 σπονδηφορέουσι,
957 4015 1054 4090 ἀλλον
1066 4016 1105 4085 δὲ
1119 4015 1300 4110 πυρφόροι
