2748 4572
237 210 266 283 5
632 229 885 285 AorfflANor

245 331 398 402 εὐανθῶν
428 336 484 401 καὶ
512 340 606 414 σκιᾶς
636 331 791 424 ἀκριβοῦς
807 317 922 425 ισχολή
952 336 1007 400 καὶ
1035 335 1142 421 βάδην
1174 331 1274 404 ἀνιῶν

152 458 153 463 ’
192 455 196 460 ·
244 433 408 524 ἐπιστήσῃ
434 441 487 525 τῇν
502 430 586 525 ἀκρρι
611 438 667 503 καὶ
693 436 841 525 αἱρήσεις
868 431 905 503 05
932 433 1044 520 καμὼν
1069 438 1126 503 καλ
1152 434 1190 526 νὴ
1216 434 1272 506 Δί’
1311 425 1315 430 ’

244 534 394 626 εὐωχήσῃ
411 542 649 622 κατακείμενος,
670 524 811 617 έκείνους
828 534 952 606 ὁπόσοι
969 535 1027 625 τήν
1046 535 1159 624 ἑτέραν
1177 536 1274 628 έτρά-

243 665 348 709 ποντο
371 637 441 707 ἀπὸ
463 645 522 707 τοῦ
544 636 674 727 διβηλοῠ
697 640 889 708 ἐπισκοπῶν
916 637 949 708 έν
973 646 1014 729 τῇ
1039 636 1192 731 ἀπωρείρι
1213 648 1272 729 τῆς

243 737 365 810 ἀνόδου
390 739 540 811 έτικατδι
552 743 729 827 ,δυσβάτων
746 746 802 810 καί
819 739 1011 835 ὀλισθηρῶν
1033 748 1100 810 ’τῶν
1122 749 1272 832 κρημνῶν

241 841 581 934 μόγιςάνέρποντας,
609 841 888 930 ἀποκυλιομένους
914 844 972 912 ἐπὶ
996 843 1140 933 κεφαλὴν
1168 844 1271 914 ἐνίοτε

170 984 173 989 <
243 944 436 1015 καὶπολλὰ
461 944 633 1035 τραόματα
654 948 881 1033 λαμβάνοντας
907 949 985 1036 περὶ
1005 953 1172 1035 τραχείαις
1197 961 1272 1028 ταῖς
1295 957 1305 962 ’

243 1052 398 1134 πέτραις·
425 1046 464 1115 σὺ
482 1049 524 1117 δὲ
541 1046 608 1133 πρὸ
630 1051 757 1118 πολλοῦ
780 1046 847 1117 ἀνω
871 1048 1138 1137 ἐστεφανωμένος
1159 1047 1271 1119 εάδαι-

243 1155 445 1237 μονέστατος
475 1150 533 1241 έσῃ
564 1146 697 1219 ἅπαντα
728 1149 760 1219 έν
790 1158 907 1239 βραχεῖ
941 1148 1005 1220 όσα
1036 1150 1123 1220 ἐστὶν
1155 1149 1271 1239 ἀγαθά

242 1250 337 1378 παρὰ
353 1261 412 1341 τής
427 1256 600 1343 ῥητορικῆς
615 1278 790 1337 μονονουχι
779 1251 981 1323 καδεόδων
999 1255 1119 1340 λαβῶν.
1282 1269 1283 1273 ’

206 1375 225 1423 4
289 1352 329 1423 ‘H
340 1357 401 1439 μὲν
419 1352 496 1443 55
478 1356 658 1458 υπόσχεσις
676 1352 763 1423 οότω
781 1358 921 1444 μεγάλη·
940 1355 980 1425 σὺ
999 1357 1035 1424 δὲ
1052 1355 1138 1445 πρὸς
1156 1358 1269 1451 φιλίου

238 1454 285 1546 μὴ
309 1454 508 1547 ἀπιστήσῃς,
536 1458 607 1525 εἰ(
588 1457 699 1583 ρρῖστά
715 1484 751 1525 τε
775 1455 845 1544 άμα
865 1461 919 1525 καί
942 1455 1062 1547 ήδιστά
1087 1482 1144 1526 σοι
1164 1465 1271 1526 ταῦτα

243 1557 355 1627 έπιίδε
342 1562 421 1641 ίξειν
443 1566 561 1648 φαμέν.
602 1558 623 1648 5
645 1558 708 1657 γὰρ
727 1557 877 1641 Ἡσίοδος
897 1561 955 1645 μὲν
982 1558 1076 1646 ὀλίγα
1097 1560 1206 1649 φόλλα
1234 1559 1270 1628 ἐκ

159 1660 166 1705 2
239 1668 299 1729 τοῦ
318 1658 486 1741 Ἑλικῶνος
508 1660 617 1748 λαβῶν
640 1660 757 1733 αὐτίκα
781 1664 871 1746 μάλα
893 1659 1033 1750 ποιητής
1055 1660 1089 1728 έκ
1111 1665 1270 1746 ποιμένος

238 1767 378 1851 κατέστη
397 1767 452 1830 καὶ
469 1756 527 1855 ᾖδε
545 1770 636 1832 θεῶν
657 1766 712 1831 καὶ
734 1761 850 1853 ήρῶῶν
871 1770 945 1852 γένη
967 1764 1104 1848 κάτοχος
1127 1762 1161 1831 ἐκ
1177 1775 1269 1832 Μου-

241 1871 310 1934 σῶν
326 1866 506 1952 γενόμενος,
527 1867 651 1955 ῥήτορα
671 1868 715 1946 δὲ,
736 1866 754 1933 5
772 1864 859 1933 πολὺ
878 1865 1011 1955 ’ένερθεν
1023 1875 1082 1955 τής
1094 1872 1269 1954 ποιητικής

238 1972 477 2058 μεγαληγορίας
491 1968 586 2050 ἐστὶν,
607 1967 765 2038 ἀδύνατον
778 1968 1022 2057 καταστήναιέν
1035 1976 1158 2059 βραχεῖ,
1175 1969 1269 2049 εἴτις

204 2062 386 2156 σίκμάθόι
402 2070 460 2160 τήν
482 2077 634 2169 ταχίστην
657 2068 751 2155 όδόν;
778 2067 825 2151 ῶς
848 2071 947 2160 έγωγε
964 2076 1020 2139 καὶ
1042 2073 1269 2160 διηγήσασθαί

240 2196 296 2241 σοι
312 2173 475 2259 βούλομαι
492 2175 654 2243 Σιδωνίου
677 2170 766 2255 τινὸς
789 2172 936 2263 ἐμπόρου
963 2173 1111 2244 ἐπίνοιαν
1130 2171 1170 2243 δι’
1186 2170 1269 2241 ἀπι-

239 2281 334 2344 στίαν
352 2272 449 2364 ἀτελῆ
466 2280 709 2364 γενομένηνκαί
726 2283 774 2363 τῶ
793 2274 970 2346 ἀκούσαντι
991 2276 1157 2366 ἀνόνητον.
1193 2267 1269 2364 ἦρχε
1355 2290 1356 2293 ’

237 2377 297 2464 μέν
318 2377 380 2468 γὰρ
402 2376 464 2468 ήδη
486 2385 622 2467 Περσῶν
640 2375 847 2467 Ἀλέξανδρος
867 2378 951 2463 μετὰ
971 2379 1029 2467 τήν
1051 2379 1083 2444 έν
1101 2376 1269 2461 Ἀρβήλοις

238 2479 354 2569 μάχην,
369 2490 509 2570 Δαρεῖον
522 2480 732 2569 καθῃρηκώς·
752 2479 819 2547 ’έδει
837 2481 873 2548 δέ
890 2479 1076 2561 πανταχόσε
1092 2484 1151 2563 τής
1169 2475 1269 2567 ἀρχῆς

239 2578 373 2653 διαθεῖν
395 2580 473 2664 τοὺς
493 2580 795 2670 γραμματοφόρους
814 2579 857 2648 τὰ
879 2580 1087 2667 ἐπιτάγματα
1108 2586 1168 2649 τοῦ
1182 2577 1270 2649 55.
1317 2602 1323 2609 “

115 2748 118 2761 ,
240 2685 378 2775 ξάνδρου
400 2711 462 2771 κομ
465 2686 601 2767 ίζοντας.
642 2682 677 2749 έκ
698 2689 834 2770 Περσῶν
857 2684 893 2750 δὲ
909 2680 1064 2771 πολλή
1035 2707 1082 2763 εις
1099 2683 1270 2771 Αιγυπτον

239 2786 290 2855 έί
255 2794 381 2875 γίγνετο
403 2783 422 2875 5
447 2784 539 2866 ὁδός
567 2781 822 2909 ἐκπεριιέναι
785 2809 848 2871 γαρ
871 2782 994 2853 ἔδει
958 2811 1000 2852 τα
1023 2781 1097 2912 όρῃ,
1122 2782 1193 2853 εἶτα
1212 2784 1269 2853 δεδι

239 2896 298 2976 τής
310 2889 557 3012 Βαβρλωνίας’
542 2913 576 2967 ες
592 2914 649 2975 την
658 2873 809 2975 Αραβίαν
826 2883 999 2966 έλθεῑν,ί
967 2912 982 2952 ε
997 2913 1039 2953 τα
1052 2880 1172 3017 ἐρήμην
1184 2890 1269 2955 πολ-

238 2989 295 3078 λήν
312 2990 521 3077 περάσαντας
539 2987 724 3079 ἀφικέσθαι
742 2989 824 3057 ποτὲ
842 2988 890 3068 ἰς
842 2989 1069 3076 Αιγυπτον
1084 2990 1188 3058 εἰκοσι
1204 3015 1269 3075 μη·
1352 3042 1353 3047 1

237 3117 256 3158 κ
258 3097 370 3170 στσυς
395 3087 490 3176 ἀνδρί
517 3089 645 3179 εόζῶνῳ
665 3089 846 3176 ,σταθμοὺς
857 3172 862 3181 Ι
875 3092 1013 3171 τούτους
1026 3091 1267 3171 ,δίανόσᾱντας.

229 3189 360 3281 »ήχθετο
384 3183 441 3261 σόν
465 3190 482 3261 ὁ
502 3190 708 3282 Ἀλέξανδρος
731 3192 788 3261 ἐπὶ
809 3194 930 3282 τούτῳ,
949 3194 1041 3262 ’διότι
1061 3193 1269 3280 Αἰγυπτίους

236 3322 272 3365 τι
296 3290 499 3382 παρακινεῖν
513 3292 639 3365 ἀκούων
665 3293 725 3364 οόκ
755 3293 819 3379 είχε
850 3294 906 3364 διδι
935 3302 1058 3379 ταχέων
1088 3294 1268 3381 ἐκπέμπειν
1351 3288 1352 3291 “

237 3410 309 3477 τοῖς
335 3400 524 3487 σατράπαις
548 3397 591 3466 τὰ
617 3400 775 3473 δοκοῦντά
802 3399 835 3525 ρί
851 3401 959 3527 ,περὶ
965 3395 1084 3466 αὐτῶν.
1123 3396 1200 3465 τότε
1227 3395 1267 3484 55

238 3496 472 3581 όΣιδῶνιος”
454 3525 612 3589 εμπορυς,
633 3498 721 3588 ‘575'
741 3500 819 3583 oot,'
820 3498 928 3590 ³555,
948 3497 1000 3567 ‘w
986 3492 1206 3603 βασιλέα(
1187 3525 1269 3567 υπιι

237 3608 398 3689 σχνοῦμαι
423 3604 475 3670 δεί
461 3605 540 3684 ίξειν
568 3600 645 3673 όδὸν
671 3601 710 3672 05
735 3602 859 3729 πολλήν
883 3603 918 3670 έκ
938 3610 1074 3692 Περσῶν
1090 3586 1144 3682 είς
1163 3602 1269 3689 Αιγυ-

237 3725 336 3774 πτον·
377 3705 468 3774 εἷ’
427 3732 489 3795 γαρ
506 3732 558 3787 τις
575 3694 796 3794 ὑπερβαίη
760 3734 803 3774 τα
825 3702 884 3795 όρη
907 3711 1085 3787 ταῶτα,-
1102 3701 1266 3791 όπερβαίη
1322 3730 1324 3733 ·

149 3834 164 3865 ⁰
238 3804 309 3875 δ”
287 3834 325 3875 αν
342 3821 544 3896 τριταῖος-
561 3806 679 3877 αὐτίκα
694 3810 785 3894 μάλα
804 3807 836 3876 έν
852 3808 1013 3895 Αἰγύπτῳ
1032 3796 1176 3877 ἐστὶν
1139 3801 1254 3905 ουτος)

236 3911 293 3977 καί
319 3907 401 3992 εἶχεν
428 3906 542 3992 οὕτως.
587 3910 672 3999 πλὴν
697 3905 718 3980 δ’
742 3936 779 3997 γε
797 3907 1003 3998 Ἀλέξανδρος
1029 3908 1087 3977 οὐκ
1114 3908 1268 3975 ίπίστευ·

109 4034 112 4049 ’
235 4034 307 4095 σεν,
340 4007 423 4080 ἀλλὰ
453 4015 556 4103 γόητα
587 4010 670 4101 ρ’ίετα
702 4010 786 4081 εἶναι
816 4010 873 4080 τὸν
903 4003 1062 4096 έμπορονζ
1108 4003 1195 4076 οότω
1226 4006 1266 4076 τδ
