2792 4580
233 188 357 246 mxu„
382 188 402 227 ε
418 188 519 244 num
531 172 620 245 ’σεε
637 188 795 245 ΣυυιΗΣ
814 172 930 247 ειιόυ
946 190 1067 246 εε-ει.
1102 158 1173 244 5312

130 296 313 386 ἀνέρχεται.
334 285 370 381 ὴ
394 280 432 360 δέ
452 293 486 362 ολ
507 289 626 375 ἀνοδος
642 294 772 383 τοιήδε·
798 301 890 384 σειρῇ
912 302 1020 389 μακρῇ
1043 294 1169 363 ἑωυτόν
1184 315 1219 368 29

129 424 167 468 τε
194 393 266 483 ἅμα
285 394 420 464 καὶτὸν
442 395 569 486 φαλλὸν
594 398 801 484 περιβάλλει,
829 395 915 482 μετὰ
937 398 974 465 δέ
1000 396 1166 483 ἐπιβαίνει

131 502 239 585 ξύλων
256 505 457 588 προσφυέων
474 508 521 589 τη]
537 503 653 589 φαλλῷ
668 497 786 568 ὁκόσον
805 499 838 580 ές
853 500 963 588 χάρην
981 496 1082 589 ἀκρου
1100 526 1167 569 πο-

132 604 206 684 δός·
234 599 336 670 ἀνιών
359 601 396 669 δὲ
418 598 488 688 άμα
511 601 690 690 ἀναβάλλει
710 602 769 692 τὴν
791 601 902 692 σειρὴν
925 600 1168 692 ἀμφοτέρωθεν

131 703 286 793 ὅκωσπερ
304 700 470 794 ἡνιοχέων.
497 706 528 775 εἰ
546 708 585 774 δέ
594 733 646 787 τις
658 706 737 775 τόδε
749 707 809 792 μέν
824 703 881 774 οάκ
895 703 1026 788 όπωπε,
1047 703 1169 775 ἀπωπε
1230 793 1234 796 .

131 811 169 878 δέ
186 813 497 898 φοινικοβατέοντας
513 805 536 898 ὴ
553 806 728 898 ένάίραβίη
746 806 768 898 ἢ
787 807 993 897 ἐνΑἰγύπτῳ
1008 805 1029 898 ὴ
1043 806 1171 877 ἀλλοθέ

129 937 206 994 κου,
231 908 304 979 οἶδε
323 908 363 979 τὸ
386 914 479 999 λέγω.
521 909 622 981 έπεάν
644 914 681 980 δὲ
704 911 737 992 ές
753 914 847 992 τέλος
868 912 978 999 ἵκηται
1000 918 1057 999 τῆς
1075 909 1166 996 ὁδοῦ,

22 1062 23 1113 η
112 1011 244 1104 σειρὴν
262 1011 375 1102 ἑτέρην
392 1011 504 1096 ἀπεὶς,
522 1013 580 1103 τὴν
599 1011 698 1095 αάτδς
716 1014 796 1098 έχει,
814 1003 940 1105 μακρὴν
957 1015 1087 1103 ταύτην,
1112 1012 1171 1083 ἀν·
1191 1042 1192 1046 ’

22 1118 23 1129 ’
120 1120 219 1207 έλκει
240 1123 307 1183 τῶν
330 1116 364 1183 οἱ
385 1115 509 1202 θυμὸς,
538 1120 619 1199 ξύλα
640 1121 697 1186 καὶ
719 1118 839 1202 εἵματα
858 1121 916 1185 καὶ
938 1119 1069 1198 σκεύεα,
1098 1113 1168 1184 ἀπὸ

20 1240 21 1245 ’
127 1224 197 1286 τῶν
215 1217 310 1308 έδρην
329 1220 471 1286 συνδέων
490 1217 599 1308 ὁκοίην
613 1217 727 1307 καλιὴν
744 1220 853 1302 ἱζάνει,
873 1227 985 1305 μίμνει
997 1245 1034 1287 τε
1049 1219 1168 1306 χρόνον

19 1320 20 1323 '
126 1327 198 1389 τῶν
221 1318 316 1389 εἶπον
338 1318 493 1409 ἡμερέων.
534 1324 655 1389 πολλοὶ
678 1323 714 1389 δέ
737 1319 969 1405 ἀπικνεόμενοι
988 1322 1109 1411 χρυσόν
1131 1346 1169 1388 τε

127 1427 187 1491 καὶ
206 1418 355 1513 ἀργυρον,
376 1424 410 1490 ολ
428 1425 463 1491 δὲ
478 1423 597 1507 χαλκὸν
615 1423 795 1509 κομίζουσι,
816 1421 871 1492 εἶτ’
888 1420 1026 1502 ἀπέντες
1045 1422 1167 1490 ἐκείνου

126 1526 268 1616 πρόσθε
293 1531 425 1610 κείμενα
446 1525 582 1609 ἀπίασι,
606 1530 752 1614 λέγοντες
774 1525 816 1593 τὰ
835 1524 1003 1611 οὐνόματα
1021 1524 1168 1605 ἕκαστος.
1271 1538 1275 1545 ’

126 1624 325 1717 παρεστεὼς
347 1629 383 1696 δὲ
402 1626 500 1709 ἀλλος
519 1628 585 1698 ἀνω
601 1627 759 1717 ἀγγέλλει,
780 1626 798 1696 5
814 1631 851 1697 δέ
865 1629 1041 1713 δεξάμενος
1058 1626 1096 1695 τὸ
1112 1624 1170 1695 05-

128 1758 220 1818 νσμα
238 1728 381 1819 εὐχωλὴν
395 1730 427 1811 ές
441 1731 576 1800 ἕκαστον
588 1738 750 1814 ποιέεται,
771 1727 841 1817 άμα
855 1732 892 1798 δέ
906 1728 1080 1816 εὐχόμενος
1092 1756 1170 1818 κρο-
1247 1744 1250 1749 ’

128 1841 200 1902 τέει
215 1840 346 1921 ποίημα
357 1834 502 1917 χάλκεον,
521 1834 559 1902 τό
575 1831 680 1902 ἀείδει
693 1842 778 1923 μέγα
790 1839 846 1902 καὶ
859 1835 957 1922 τρηχὺ
972 1834 1169 1919 κινεόμενον.
1257 1844 1260 1849 ’

18 1966 31 1997 ν
131 1933 223 2006 εόδει
247 1938 282 2003 δέ
305 1934 450 2021 οὐδαμά·
476 1933 515 2025 ὴν
532 1937 595 2025 γάρ
618 1964 673 2021 μιν
695 1934 800 2019 όπνος
818 1938 872 2024 έλη
895 1938 984 2017 κοτὲ,
1010 1942 1170 2023 σκορπίος

132 2038 236 2109 ἀνιὼν
259 2036 417 2129 ἀνεγείρει
437 2065 475 2106 τε
495 2043 552 2106 καὶ
574 2036 686 2106 ἀεικέα
709 2039 893 2126 ἐργάζεται,
921 2046 977 2104 καί
1004 2039 1037 2105 05
1062 2036 1121 2126 ὴδε
1147 2037 1167 2126 ἡ

131 2145 231 2231 ζημίη
249 2147 309 2209 τοῦ
327 2139 433 2210 ἀπυου
453 2141 630 2210 ἐπικέεται.
665 2140 787 2226 τὰμὲν
810 2133 856 2208 ἀν
875 2140 909 2220 ές
929 2139 987 2207 τὸν
1010 2145 1169 2226 σκορπίον

131 2251 332 2332 μυθέονται,
358 2245 412 2334 ἱρά
434 2270 470 2312 τε
488 2248 543 2312 καὶ
561 2249 773 2334 θεοπρεπέα,
798 2244 829 2310 εἰ
851 2244 888 2309 δὲ
910 2238 1047 2330 ἀτρεκέα
1070 2241 1167 2324 έστὶν,

133 2345 193 2416 σόκ
212 2346 273 2432 ’έχω
294 2347 403 2436 ἐρέειν.
440 2348 564 2415 δοκέειν
582 2349 620 2415 δέ
630 2372 709 2431 μοι,
732 2351 817 2433 μέγα
836 2344 871 2426 ές
887 2342 1067 2432 ἀγρυπνίην
1086 2366 1171 2430 συμ-

131 2451 292 2538 βάλλεται
308 2453 438 2538 καὶτῆς
456 2451 606 2530 πτώσιος
622 2447 642 2538 ὴ
663 2448 818 2538 ἀρρωδίη.

152 2596 155 2603 ·
190 2555 426 2639 Φαλλοβατέων
447 2552 565 2641 μὲνδὴ
588 2559 667 2643 πέρι
688 2553 810 2621 τοσάδε
834 2549 952 2640 ἀρκέει.
993 2547 1011 2618 5
1035 2550 1071 2616 δὲ
1094 2545 1172 2638 νηδς

133 2655 225 2743 ὁρέει
254 2655 312 2739 μὲν
344 2654 377 2734 ές
407 2652 515 2744 ὴέλιον
545 2654 693 2751 ἀνιόντα,
733 2652 821 2735 εἶδος
857 2656 893 2722 δὲ
927 2656 983 2720 καλ
1019 2652 1171 2740 έργασίην
1189 2670 1224 2721 30
1289 2662 1293 2671 “

9 2768 10 2773 ’
134 2759 208 2827 έοτὶ
238 2756 368 2836 ὁκοίους
403 2757 500 2844 νηοὺς
530 2758 563 2824 έν
591 2754 694 2847 Ἰωνίῃ
726 2765 891 2827 ποιέουσι.
937 2756 1013 2844 ἕδρη
1044 2754 1169 2841 μεγάλη

133 2859 245 2944 ἀνέχει
272 2860 306 2928 έκ
326 2866 386 2948 γῆς
406 2866 556 2947 μέγαθος
578 2857 734 2949 ὀργυιέων
758 2862 863 2943 δυοῖν,
892 2860 949 2927 έπὶ
970 2865 1029 2947 τῆς
1051 2854 1069 2924 5
1096 2856 1173 2945 νηὸς

136 2964 314 3035 ἐπικέεται.
351 2960 469 3042 ἀνοδος
487 2963 521 3044 ἐς
543 2960 641 3030 αὐτὸν
658 2965 759 3030 λίθου
782 2968 978 3050 πεποίηται,
1008 2958 1044 3028 οά
1068 2962 1173 3049 κάρτα

134 3067 255 3154 μακρὴ.
300 3062 477 3133 ἀνελθόντι
504 3066 541 3131 δὲ
567 3071 671 3149 θῶμα
696 3066 756 3148 μέν
783 3068 838 3131 καί
864 3061 882 3130 5
913 3065 1058 3152 πρόνηος
1088 3070 1173 3151 μέγα

136 3173 318 3255 παρέχεται
343 3166 470 3255 θόρησί
499 3190 535 3234 τε
560 3162 700 3254 ἤσκηται
723 3172 896 3254 χρυσέῃσι·
927 3166 1064 3234 ένδοθεν
1091 3168 1127 3232 δὲ
1154 3164 1172 3233 5

137 3269 216 3359 νηὸς
230 3275 354 3359 χρυσοῦ
374 3295 411 3337 τε
432 3271 558 3338 πολλοῦ
577 3265 816 3354 ἀπολάμπεται
833 3271 887 3335 καὶ
909 3264 1060 3356 ὴάροφὴ
1079 3274 1176 3335 πάσα

33 3364 36 3369 ⁴
72 3430 78 3441 ,
135 3379 269 3464 χρυσέη.
318 3370 438 3454 ἀπόζει
468 3373 505 3440 δὲ
540 3369 640 3441 αὐτοῦ
676 3369 761 3460 όδμὴ
797 3370 961 3459 ἀμβροσίη
997 3367 1090 3456 ὁκοίη
1122 3372 1176 3435 λέ-

137 3502 234 3567 γεται
258 3483 316 3565 τὴς
344 3477 453 3566 χώρης
482 3482 541 3566 τῆς
563 3473 727 3565 Ἀραβίης,
763 3480 819 3541 καί
845 3499 901 3543 σοι
930 3474 1073 3563 τηλόθεν
1104 3468 1177 3540 ἀνι·

138 3581 213 3649 όντι
242 3576 449 3667 προσβάλλει
476 3578 594 3668 πνοιὴν
624 3580 729 3669 κάρτα
755 3576 899 3666 ἀγαθὴν,
931 3579 987 3645 καὶ
1013 3573 1053 3666 ἢν
1082 3565 1177 3654 αὖτις

138 3679 258 3771 ἀπίῃς,
296 3678 426 3765 οάδαμδι
456 3685 620 3763 λείπεται,
657 3679 743 3749 ἀλλά
769 3707 827 3750 σευ
850 3682 895 3748 τά
924 3706 961 3748 τε
992 3679 1112 3764 εἵματα
1142 3676 1178 3757 ές

139 3783 267 3855 πολλόν
285 3783 352 3868 έχει
368 3782 425 3872 τὴν
442 3781 560 3872 πνοιὴν
577 3785 631 3856 καὶ
651 3781 689 3851 οδ
714 3782 748 3863 ές
768 3785 911 3868 πάμπαν
934 3778 1034 3871 αὐτῆς
1054 3778 1179 3869 μεμνή-

137 3908 227 3958 σθαι.

163 3985 346 4059 -Ἕνδοθεν
368 3990 405 4059 δέ
427 3980 448 4059 5
467 3986 625 4081 νηδςόδκ
651 3986 780 4072 διπλόος
806 3989 890 4077 έστὶ,
920 3987 1003 4062 ἀλλὰ
1029 3993 1062 4065 έν
1085 3986 1227 4087 αάτῷει
