2782 4574
273 229 394 287 van.
419 211 648 285 ενιινισοι
669 204 945 287 Διικονοιιι
959 230 1001 286 15.
1094 221 1176 287 1ου

120 333 242 415 αύλούς
259 360 324 420 μου
339 338 515 423 συνέτριψε
527 336 584 401 καλ
596 332 654 423 τὴν
666 335 832 424 τράπεζαν
844 335 965 420 μεταξὺ
985 336 1160 406 δειπνούν-

6 500 12 511 ,
120 464 186 508 των
206 436 380 524 ἀνέτρεψε,
404 440 461 504 καλ
478 436 535 505 τὸν
553 444 698 527 κρατῆρα
716 437 837 520 ἐξέχεεν
857 437 1080 520 ἐπεσπαίσας·
1103 444 1160 508 καλ

119 540 254 626 τὸνμὲν
272 538 425 630 ἀγροῖκον
443 539 565 607 ἐκεῖνον
582 538 640 606 τὸν
657 540 781 629 Γόργον
800 537 869 608 άπὸ
888 547 947 608 τοῦ
967 549 1157 628 συμποσίου
1218 590 1223 601 ι

6 678 7 725 f
119 643 342 723 κατασπάσας
362 650 429 733 τών
450 646 569 732 τριχῶν
588 642 707 711 ἐπαιον
729 644 945 731 περιστάντες
968 641 1067 725 αύτός
1083 642 1159 713 τεά

6 750 7 753 '
121 745 327 837 στρατιώτης
354 784 396 795 -
423 746 639 829 Δεινόμαχος,
673 742 781 838 οἶμαι,
813 750 962 814 καλεῖται
988 787 1030 797 -
1055 750 1112 815 καλ
1139 745 1157 816 5

6 924 8 943 ἵ
122 848 370 939 συστρατιώτης
393 845 510 929 αύτοῦ,
539 844 626 915 ώστε
650 845 708 916 ούκ
731 846 808 917 οίδα
830 849 860 916 εί
880 848 1043 934 βιώσεται
1065 846 1082 917 5
1102 845 1160 917 άν-

120 952 280 1040 θρωπος,
307 942 335 1017 ώ
357 954 475 1034 Κοχλί·
505 948 588 1035 αἷμά
611 977 647 1018 τε
672 949 734 1039 γὰρ
763 951 860 1040 ἐρρύη
887 951 975 1019 πολὺ
1000 949 1069 1020 ἀπὸ
1091 959 1188 1021 τών-

120 1057 219 1147 ρινών
244 1056 301 1121 καὶ
326 1050 365 1121 τὸ
389 1053 575 1153 πρόσωπον
602 1049 678 1122 όλον
701 1053 860 1143 ἐξῴδηκεν
886 1052 988 1122 αύτοῠ
1015 1058 1072 1123 καλ
1097 1080 1185 1124 πε-.

122 1157 232 1226 λιδνόν
252 1155 350 1227 ἐστιν.

6 1360 7 1365 ¹
172 1274 292 1331 KOXA.
324 1256 442 1347 Ἐμάνη
468 1255 703 1348 ὃάνθρωπος,
727 1256 856 1348 ἢμέθη
874 1285 925 1339 τις
943 1251 1054 1349 ἦνκαὶ
1071 1284 1193 1351 παρ-2

6 1384 7 1387 ’
122 1369 211 1431 οινία
228 1358 267 1428 τὸ
286 1368 442 1450 πράγμα,·
1236 1356 1239 1363 ’

129 1531 140 1541 ,
171 1481 284 1536 ΠΑΡΘ.
319 1454 512 1553 Ζηλοτυπία
528 1490 589 1546 τις,
601 1456 638 1537 ,ὦ
655 1467 771 1548 Κοχλί,
791 1466 851 1530 καλ
865 1463 947 1551 ἐρως
966 1460 1161 1552 ἐκτοπος·ἡ

122 1569 274 1656 Κροκάλη
294 1568 342 1648 δὲ,
368 1565 476 1651 οἶμαι,
502 1569 561 1635 δύο
580 1568 724 1635 τάλαντα
748 1568 928 1655 αἰτήσασα,
953 1566 983 1634 εί
1003 1567 1161 1652 βούλεται

121 1671 230 1758 μόνος·
241 1669 324 1752 ἐχειν
343 1667 453 1758 αὐτὴν,
474 1670 549 1739 ἐπεὶ
565 1669 611 1759 μὴ
631 1670 741 1739 ἐδίδου
761 1668 778 1738 5
798 1671 1014 1755 Δεινόμαχος,
1040 1668 1161 1737 ἐκεῖνον

121 1770 391 1860 μέν’άπέκλεισεν
409 1771 529 1862 ἥκοντα
546 1775 797 1862 προσαράξασά
807 1799 843 1861 γε
857 1772 947 1862 αύτῷ
965 1770 1026 1853 τὰς
1039 1773 1171 1863 θύρας,

6 1868 7 1873 ¹
123 1874 169 1958 ώς
187 1875 329 1963 ἐλέγετο,
353 1874 411 1943 τὸν
428 1878 553 1967 Γόργον
573 1879 608 1944 δὲ
628 1878 743 1945 Οἰνοέα
760 1875 834 1945 τινὰ
851 1875 995 1964 γεωργὸν
1018 1862 1161 1963 εύπορον

124 1979 159 2048 ἐκ
184 1980 312 2047 πολλού
332 1977 465 2079 ,ἐρώντα
491 1983 547 2047 καὶ
570 1978 711 2068 χρηστὸν
744 1977 927 2066 ἀνθρωπον
958 1984 1161 2065 προσιεμένη

124 2083 216 2150 ἐπινε
229 2078 298 2166 μετ’
311 2078 412 2148 αύτοῦ
426 2079 510 2166 κάμέ
523 2085 708 2171 παρέλαβεν
722 2079 931 2169 αὐλήσουσαν
945 2077 1024 2167 παρ’
1036 2077 1161 2160 αὐτοῖς.

6 2204 7 2211 ’
123 2182 184 2276 ἤδη
210 2186 246 2251 δέ
267 2192 518 2273 προχωροῦντος
539 2191 600 2252 τοῦ
623 2186 728 2251 πότου
754 2182 816 2269 ἐγώ
843 2185 902 2267 μέν
924 2180 1103 2269 ὑπέκρεκόν
1127 2209 1162 2250 τι

123 2296 188 2356 τών
206 2288 349 2368 Λυδίων,
371 2284 388 2354 5
407 2285 551 2376 γεωργὸς
571 2290 607 2355 δέ
624 2276 686 2375 ἤδη
707 2284 862 2354 ἀνίστατο
883 2283 1116 2373 ὀρχησόμενος,
1140 2281 1162 2371 ἡ

123 2392 275 2479 Κροκάλη
297 2391 333 2456 δέ
351 2388 490 2477 ἐκρότει,
516 2393 571 2456 καὶ
589 2391 699 2456 πάντα
716 2380 754 2476 ἦν
772 2387 871 2475 ἡδέα·
900 2386 934 2454 ἐν
955 2388 1106 2474 τοσούτῳ
1126 2387 1163 2454 δὲ

124 2496 249 2572 κτύπος
266 2490 402 2580 ἠκούετο
421 2495 476 2560 καὶ
493 2490 555 2580 βοὴ
570 2488 657 2579 καὶὴ
673 2489 803 2569 αύλειος
816 2486 991 2579 ἠράσσετο,
1010 2492 1066 2556 καλ
1077 2486 1163 2574 μετά

124 2595 241 2686 μικρὸν
256 2595 495 2664 ἐπεισέπαισαν
510 2591 588 2664 όσον
603 2592 688 2662 όκτιὺ
707 2602 872 2662 νεανίσκοι
889 2594 981 2678 μάλα
998 2595 1161 2680 καρτεροὶ,
1262 2638 1264 2642 -

69 2694 72 2701 ’
124 2703 181 2768 καὶ
200 2697 401 2787 όΜεγαρεύς
420 2698 453 2766 ἐν
471 2697 594 2779 αότυῖς.
622 2694 726 2777 εύδύς
743 2688 799 2765 σύν
818 2694 1039 2784 ἀνετέτραπτο
1053 2696 1164 2762 πάντα

124 2806 182 2870 καὶ
201 2799 219 2870 5
237 2803 372 2892 Γόργος,
393 2797 508 2890 ώσπερ
528 2801 619 2891 ἐφην,
645 2800 780 2868 ἐπαίετο
803 2804 859 2895 καί
882 2799 1036 2867 ἐπατεῖτο
1058 2799 1164 2881 χαμαί
1196 2824 1201 2827 ·

126 2912 291 2992 κείμενος·
319 2902 338 2993 ἡ
361 2906 514 2992 Κροκάλη
543 2905 579 2971 δὲ
607 2899 665 2971 οόκ
692 2900 757 2971 οἶδ’
775 2899 869 2985 ὅπως
895 2901 987 2991 ἐφθη
1013 2894 1207 2989 ύπεκφυ-·”

125 3017 233 3100 γοῦσα
254 3007 348 3096 παρὰ
370 3007 428 3095 τὴν
454 3012 585 3094 γείτονα
609 3007 796 3075 θεσπιάδα·
825 3004 882 3089 ἐμὲ
909 3006 945 3073 δέ
972 3006 1118 3095 ῥαπίσας
1145 2999 1163 3069 5

127 3112 345 3196 Δεινόμαχος,
365 3107 608 3199 ((ἐκφδείρουῗ
638 3106 986 3199 φησί-(κατεαγότας
1007 3132 1067 3190 μοι
1088 3102 1166 3184 τούς

129 3213 250 3294 αύλοὺς
267 3219 472 3303 προσρίψας.
508 3214 564 3278 καὶ
585 3217 641 3279 νῦν
664 3209 836 3294 ἀποτρέχω
861 3210 1039 3298 φράσουσα
1060 3214 1166 3274 ταῦτα

127 3327 176 3407 τῷ
196 3317 357 3405 δεσπότῃ·
377 3313 556 3404 ἀπέρχεται
576 3315 612 3382 δέ
629 3317 684 3381 καί
699 3311 716 3381 5
732 3311 875 3400 γεωργὸς
890 3310 1058 3398 ὀψόμενός
1074 3335 1167 3389 τινας

131 3425 341 3512 φίλουςτιῦν
369 3417 526 3501 ἀστικῶν,
560 3422 594 3487 οἳ
619 3416 863 3505 παραδώσουσι
887 3427 958 3495 τοῖς
984 3412 1167 3504 πρυτάνεσι

129 3523 189 3593 τὸν
206 3516 368 3611 Μεγαρέα.
455 3572 459 3575 -

184 3639 302 3703 ΚΟΧΔ.
332 3620 426 3692 Ταῦτ’
439 3623 527 3692 ἐστιν
546 3621 738 3693 ἀπολαῦσαι
754 3628 820 3690 τών
834 3626 1078 3712 στρατιωτικῶν
1090 3619 1200 3690 τού-3
1284 3614 1287 3619 ’
1331 3651 1337 3665 ²

104 3777 108 3783 »
124 3756 198 3810 των
217 3728 357 3815 ἐρώτων,
376 3726 505 3815 πληγὰς
518 3730 574 3794 καὶ
587 3730 693 3807 δίκας·
711 3724 754 3794 τὰ
768 3727 804 3793 δέ
818 3723 901 3792 ἀλλα
910 3722 1069 3812 ,ἡγεμόνες
1083 3719 1168 3790 εἶναι

131 3835 189 3899 καλ
205 3834 371 3917 χιλίαρχοι
392 3834 552 3917 λέγοντες,
577 3826 615 3916 ἥν
636 3857 670 3897 τι
693 3832 814 3906 δοῦναι,
831 3830 901 3916 δέη,
915 3819 1164 3912 ”“περίμεινον,”

131 3939 229 4026 φασὶ,
237 3932 318 4024 “την
328 3936 488 4016 σύνταξιν,
500 3932 626 4001 ὁπόταν
637 3929 798 4019 ἀπολάβω
808 3928 864 4019 τὴν
873 3926 1101 4017 μισθοφορὰν,
1112 3928 1167 3996 καλ

130 4038 269 4129 ποιήσω
283 4035 424 4133 adm?
458 4037 658 4128 ἐπιτριβεῖεν
673 4025 775 4103 δὀύν
793 4031 948 4117 ἀλαζόνες
962 4024 1067 4112 ὄντες.
1104 4027 1167 4120 ἐγὼ
