2730 4584
231 200 297 269 294
578 225 582 231 ·
618 213 872 269 Λουσιιειοε

231 317 383 409 ἀνδρείας
405 317 497 387 ἕνεκα
517 321 639 407 ταύτης
659 322 788 405 λέγεται
808 328 916 400 τυχεῖν
931 325 995 406 ,τῆς
1020 324 1128 405 τιμῆς,
1151 314 1252 404 Ἑλένη

207 468 210 481 1
233 424 270 491 δέ
290 429 350 490 τοῦ
372 423 512 502 κάλλους
530 422 627 510 χάριν
651 418 750 509 αδτήυ
771 446 808 488 τε
828 424 1025 506 μεταβαλεῖν
1048 422 1080 499 ἐς
1102 418 1180 487 θεὸν
1201 422 1252 505 καὶ

231 538 304 606 τοῖς
320 526 538 613 Διοσκούροις
555 524 646 591 αἰτία
663 530 830 611 γενέσθαι,
850 527 929 610 πρὶν
947 521 1046 611 αὐτὴν
1064 524 1110 603 εἷς
1124 520 1253 611 οὐρανὸν

232 626 384 697 ἀνελθεῖν
401 640 473 708 τοῖς
490 624 558 696 ἀπὸ
576 634 635 715 γῆν
653 630 951 714 συνεξητασμένοις.

198 753 213 801 7
280 727 374 800 Ἀλλὰ
390 730 455 819 μὴν
474 726 567 809 ὅστις
581 729 772 819 ἀνθρώπων
785 728 916 817 ἠξιώθη
929 742 1001 809 τοῖς
1014 736 1110 807 θεοῖς
1124 725 1254 812 ὁμιλεῖν,
1283 757 1289 764 ·

233 831 292 904 ούκ
309 834 397 903 ἔστιν
415 830 529 922 εύρεῖν,
549 827 636 922 πλὴν
653 829 730 901 ὅσοι
744 834 962 919 μετεσχήκασι
973 833 1126 910 κάλλους·
1145 834 1256 914 Πέλοψ
1282 840 1284 847 “

230 962 268 1005 τε
284 936 347 1026 γὰρ
364 937 482 1004 τούτου
497 936 595 1027 χάριν
617 950 689 1015 τοῖς
711 943 807 1014 θεοῖς
830 933 1014 1021 ἀμβροσίας
1035 933 1181 1018 μετέσχε,
1205 936 1257 1000 καὶ

231 1041 425 1128 Γανυμήδης
445 1035 465 1106 δ
487 1046 547 1107 τοῦ
569 1040 742 1127 Δαρδάνου
756 1035 855 1105 ὀύτω
882 1045 1110 1127 κεκρατηκέναι
1135 1040 1258 1123 λέγεται

231 1149 290 1210 τοῦ
312 1142 447 1210 πάντων
468 1139 599 1210 ὗπάτου
621 1149 727 1224 θεῶν,
756 1137 833 1209 ὥστ’
850 1138 949 1209 αὐτὸν
972 1138 1030 1207 ούκ
1056 1138 1258 1222 ἀνασχέσθαι

231 1258 470 1331 συμμετασχεῖν
488 1242 579 1334 αύτῷ
595 1272 670 1312 τινα
687 1252 752 1312 τῶν
770 1240 878 1311 ἀλλων
896 1250 987 1311 θεῶν
1003 1251 1062 1332 τῆς
1076 1245 1184 1332 θήρας
1196 1248 1258 1309 τῶν

230 1349 405 1430 παιδικῶν,
435 1345 504 1414 ἀλλ’
521 1346 613 1435 αύτῷ
634 1349 726 1435 μόνῳ
753 1353 949 1436 πρέπουσαν
975 1344 1155 1435 ἡγούμενον
1180 1343 1260 1413 εἶναι

231 1449 265 1530 ἐς
285 1452 457 1541 Γάργαρον
478 1452 693 1518 καταστάντα
718 1449 879 1547 τηςΙἿδης
898 1449 1074 1537 ἀναγαγεῖν
1098 1450 1207 1517 ἐκεῖσε
1221 1446 1260 1514 τὰ

230 1553 385 1635 παιδικὰ,
415 1549 502 1621 ὅπου
530 1560 733 1621 συνέσεσθαι
758 1553 815 1622 τὸν
842 1550 975 1621 ἅπαντα
1002 1554 1118 1636 έμελλε
1138 1552 1259 1637 χρόνον.

232 1656 395 1742 τοσαύτην
419 1653 450 1722 δ>
467 1655 657 1739 ἐπιμέλειαν
680 1654 734 1722 ἀεὶ
754 1662 940 1743 πεποίηται
961 1662 1026 1722 τῶν
1051 1659 1163 1722 καλῶν
1186 1649 1259 1721 ὥστ’

233 1754 272 1824 ού
290 1757 392 1840 μόνον
410 1753 531 1836 αύτούς
547 1755 669 1845 ἠξίωσε
686 1764 753 1825 τῶν
776 1756 936 1846 οὐρανίων
959 1755 1135 1845 ἀναγαγὼν
1153 1756 1261 1837 ἐκεῖσε,

232 1855 387 1926 ἀλλὰκαὶ
407 1856 506 1939 αὐτὸς
525 1859 583 1928 ἐπὶ
599 1867 658 1947 γῆς
677 1857 697 1927 δ’
713 1861 858 1942 τιτύχοι
875 1861 1069 1948 γιγνόμενος
1083 1867 1179 1948 συνῆν
1193 1858 1266 1926 ἐκά-

232 1985 328 2030 στοτε
354 1975 426 2042 τοῖς
452 1961 642 2051 ἐρωμένοις,
670 1967 727 2030 καὶ
753 1970 852 2030 τοῦτο
877 1964 937 2047 μὲν
958 1963 1136 2048 γενόμενος
1156 1964 1265 2040 κύκνος

231 2069 416 2151 συνεγένετο
432 2066 543 2154 Λήδᾳ,
567 2072 667 2133 τοῦτο
685 2064 717 2132 δ’
731 2065 763 2133 έν
782 2066 864 2133 ε’ίδει
880 2066 1003 2153 ταύρου
1021 2064 1084 2154 τὴν
1101 2063 1261 2153 Εάρῶπην

231 2163 387 2254 ἁρπάζει,
415 2168 585 2249 εἰκασθεὶς
611 2165 642 2235 δ’
654 2166 875 2259 Αμφιτρύωνι
900 2174 994 2257 γεννᾷ
1019 2169 1079 2237 τὸν
1098 2168 1260 2257 Ἡρακλέα

229 2272 285 2336 καὶ
302 2272 412 2338 πολλά
430 2298 481 2350 τις
499 2268 540 2338 ἀν
558 2269 628 2353 ἐχοι
645 2274 749 2359 λέγειν
766 2271 974 2356 τεχνάσματα
986 2278 1046 2338 τοῦ
1061 2271 1152 2355 Διὸς,
1173 2294 1261 2348 οπως

194 2390 211 2440 8
231 2368 270 2439 ἀν
288 2371 340 2452 οἷς
357 2372 524 2457 ἐπεθύμει
542 2379 730 2460 συγγένοιτο
747 2379 990 2461 μηχανωμένου.
1024 2375 1066 2443 τὸ
1091 2377 1127 2443 δέ
1151 2374 1190 2461 δη
1207 2376 1262 2457 μέ

228 2498 341 2561 γιστον
357 2501 414 2542 και
402 2471 543 2543 οἷον”
520 2502 573 2543 αν
565 2502 628 2556 τις
644 2478 836 2563 θαυμάσαι,
857 2474 1034 2561 ὁμιλῶν
998 2502 1062 2565 γαρ
1080 2485 1153 2557 τὀῖς
1170 2483 1262 2552 θεοῖς

230 2614 273 2626 -
292 2573 331 2643 ού
348 2576 411 2665 γὰρ
430 2574 622 2664 ἀνθρώπων
633 2605 670 2666 γε
685 2577 797 2647 οὐδέσι
811 2578 939 2666 πλὴν
910 2604 939 2646 ει
952 2606 997 2666 μη
1010 2594 1085 2660 τοῖς
1098 2584 1212 2659 καλοῖς
1223 2613 1262 2626 -

229 2676 263 2746 δν
281 2675 313 2745 δ’
325 2669 382 2746 οὖν
398 2679 530 2760 τούτοις
549 2682 741 2770 δημηγορῶν
760 2677 847 2749 οὕτω
861 2681 1207 2775 πεποίηταισοβάρὸς
1218 2683 1262 2766 τῷ

157 2802 161 2811 ’
229 2788 328 2869 κοινῷ
346 2788 412 2849 τῶν
426 2779 583 2871 Ἑλλήνων
600 2792 725 2873 ποιητῇ
743 2787 799 2853 καὶ
817 2783 948 2874 θρασὺς
968 2788 1024 2852 καὶ
1042 2788 1263 2871 καταπληκτι-

229 2881 301 2965 κὸς,
320 2879 390 2952 ῶστ
388 2882 442 2951 ’ἐν
458 2886 518 2969 μέν
534 2913 574 2976 τη
560 2892 740 2976 προτέρη
759 2887 1014 2976 δημηγορίηιτην
1025 2886 1139 2974 ᾚἨραν
1158 2892 1264 2954 καίτοι

229 2986 394 3109 πρότερον
411 2984 507 3056 πάντ
523 2989 719 3058 εἰωθυῖαν
704 2997 860 3074 επιτιμάν
879 2987 984 3114 αύτιρ,
1004 2986 1099 3075 ὅμως
1118 2989 1150 3059 δ’
1166 2986 1262 3091 αύτην

229 3083 336 3169 οὕτως
362 3087 526 3179 ἐφόβησεν
556 3087 637 3160 ὥστ’
656 3090 790 3181 ἤρκεσεν
821 3092 904 3181 αὐτῇ
930 3092 969 3161 τὸ
995 3096 1100 3181 μηδὲν
1126 3100 1262 3170 παθεῖν,

229 3187 314 3258 ἀλλὰ
330 3198 426 3278 μέχρι
439 3194 545 3280 λόγων
557 3219 672 3283 στηναι
685 3194 742 3283 τὴν
756 3193 902 3283 ἀργην
865 3223 912 3262 τω
898 3202 998 3264 Διί·
1015 3196 1097 3276 τοὺς
1116 3192 1183 3263 6²⁰
1159 3220 1264 3262 απαν

227 3320 288 3375 τας
304 3294 408 3377 θεοὺς
425 3295 459 3364 ἐν
475 3303 515 3386 τῇ
538 3293 658 3387 ὑστέρᾳ
679 3300 782 3367 πάλιν
801 3295 860 3381 ούχ
881 3324 979 3386 ηττον
1000 3306 1185 3388 κατέστησε
1203 3320 1265 3386 φο·

227 3403 389 3486 βηθηναι,
412 3405 470 3487 γῆν
493 3395 698 3469 ἀνασπάσειν
721 3398 833 3482 αὐτοῖς
852 3400 991 3491 ἀνδράσι
1013 3406 1070 3469 καλ
1092 3404 1263 3471 θάλατταν

228 3496 423 3588 ἀπειλήσας.
459 3505 585 3585 μέλλων
604 3505 640 3572 δέ
658 3509 859 3573 συνέσεσθαι
876 3507 989 3585 καλοῖς
1010 3501 1102 3572 ούτω
1121 3513 1263 3595 γίγνεται

227 3606 337 3688 πρᾶος
357 3606 414 3670 καὶ
434 3599 556 3694 ἥμερος
581 3611 636 3674 καὶ
661 3621 734 3687 τοῖς
761 3615 865 3677 πᾶσιν
892 3607 1038 3698 ἐπιεικὴς
1067 3604 1157 3678 ῶστε
1179 3605 1262 3695 πρὸς

227 3700 338 3773 άπασι
362 3718 435 3787 τοῖς
461 3706 575 3790 ἀλλοις
599 3713 655 3777 καὶ
678 3708 757 3779 αύτδ
780 3710 818 3778 τὸ
841 3710 924 3791 Ζεὺς
946 3708 1031 3780 εἶναι
1057 3708 1261 3788 καταλιπὼν,

227 3802 322 3888 ὅπως
347 3836 392 3898 μη
416 3817 571 3900 φαίνοιτο
592 3826 680 3894 τοῖς
675 3815 859 3909 παιδικοῖς
886 3812 1002 3904 ἀηδης,
1030 3812 1150 3904 ἑτέρου
1176 3810 1263 3891 τινὸς

226 3907 438 3996 ὑποκρίνεται
460 3940 580 4003 σχημα,
608 3921 664 3984 καὶ
683 3918 804 3985 τούτου
831 3921 1005 3987 καλλίστου
1025 3921 1086 3985 καλ
1109 3918 1185 3987 οἵου
1206 3913 1262 3983 τὸν

226 4007 355 4099 ὁρωντα
370 4024 662 4105 προσαγαγέσθαι
680 4028 839 4093 τοσοῦτον
857 4023 971 4104 αἰδοῦς
988 4024 1046 4091 καλ
1058 4049 1160 4113 τιμης
1176 4042 1262 4109 παρ·
1286 4062 1290 4075 x
