2792 4580
223 234 358 292 Lxxm
377 237 397 276 ν
413 234 745 294 ΔΗΜοτοσσοεΣ
760 239 916 295 εεεοοε
934 238 1054 331 εε-ω,
1093 226 1161 297 253

121 338 340 431 κειρατημωλς,
368 349 427 410 τοῦ
449 348 686 431 Δημοσθένους
713 341 745 412 δ’
761 342 973 425 ἐπιστάντος,
995 339 1156 432 “μάτην,”
1182 408 1187 415 ,

122 444 216 515 εἶπεν
235 441 284 525 ἂν,
306 434 610 535 ’Ἔπρεσβεύσαμεν

122 553 267 628 σθένους
288 549 394 636 λόγων
416 547 540 636 ἐγεῖραι
561 547 753 638 τρόπαιον.”
798 557 907 620 ταῦτα
924 547 950 617 ’ὁ
976 553 1155 630 Φίλιππος.
1174 571 1210 620 4ο

121 655 314 737 καὶμέντοι
334 654 391 718 καὶ
411 653 545 733 πάντως
568 654 702 721 ἐ’λατταν
724 651 764 722 άν
782 653 922 737 ἔχοντες,
947 655 977 722 εἰ
999 655 1158 741 λάβοιμεν

120 761 273 823 τοιοῦτον
287 751 399 844 ἄνδρα,
419 754 504 844 πρὸς
518 755 607 836 Διὸς,
624 755 743 844 Ῐιίρχία,
758 762 792 824 τί
805 780 889 825 ποτε
901 758 1044 842 νομίζεις
1048 786 1060 840 ,·
1076 762 1160 842 βοάν

121 854 163 925 ἂν
183 857 240 926 ἐπὶ
259 856 388 946 σφαγήν
404 855 524 945 ἤγομεν
541 856 563 947 ή
580 857 665 926 πολὺ
683 862 809 943 μᾶλλον
822 856 862 926 άν
877 861 1062 945 σύμβουλον
1078 862 1159 948 περὶ

120 962 188 1029 τῶν
202 957 391 1048 Ἑλληνικῶν
409 963 612 1051 πραγμάτιον
629 965 685 1029 καὶ
701 970 760 1051 τῆς
777 960 879 1052 άρχής
894 964 1005 1051 πάσης
1023 961 1159 1030 ἐποιού-

120 1071 231 1150 μεθα,·
254 1064 356 1152 φύσει
372 1062 511 1153 μὲνγὰρ
535 1063 625 1152 αὐτῷ
643 1069 698 1132 καὶ
715 1062 783 1133 κατ’
800 1065 902 1155 άρχδις
923 1064 1159 1156 προσεπεπόν-

121 1164 254 1247 θεινέξ
271 1163 460 1234 αὐτῶντῶν
479 1166 740 1253 πολιτευμάτων,
761 1169 810 1237 έτι
828 1170 864 1235 δὲ
876 1165 1159 1256 μάλλονᾌριστο-

121 1270 210 1336 τέλει
227 1269 378 1358 μάρτυρι.
406 1268 492 1356 πρὸς
509 1278 586 1358 γοῦν
599 1269 656 1339 τὸν
670 1269 878 1361 Ἀλέξανδρον
895 1274 950 1338 καὶ
968 1270 1054 1358 πρὸς
1071 1266 1158 1358 ἡμᾶς

121 1396 160 1459 γε
174 1373 274 1458 λέγων
288 1370 382 1440 οὐδὲν
397 1372 550 1455 ἐπαύετο,
569 1376 738 1442 τοσούτων
753 1372 855 1442 όντων
868 1381 935 1441 τῶν
948 1371 1038 1460 αὐτῷ
1051 1397 1160 1462 προσ-

27 1507 35 1514 ·
121 1475 384 1563 πεφοιτηκότων,
402 1478 526 1565 μηδένα
545 1474 632 1544 σύτω
646 1478 788 1546 πώποτε
802 1477 981 1561 θαυμάσαι
993 1482 1159 1562 μεγέθους

120 1603 158 1646 τε
176 1579 310 1668 φύσεως
327 1583 381 1646 καὶ
399 1586 458 1668 τῆς
480 1584 558 1668 περὶ
575 1578 796 1669 τὴνόίσκησιν
815 1580 1001 1668 ἐγκρατείας
1016 1582 1079 1646 ’καὶ
1094 1580 1159 1664 βά-

121 1706 201 1770 ρους
222 1685 279 1749 καὶ
299 1683 420 1765 τάχους
441 1686 497 1750 καὶ
523 1690 712 1772 παρρησίας
737 1687 793 1750 καὶ
817 1689 999 1774 καρτερίας.
1041 1679 1159 1766 αὑμεῖς
1175 1703 1209 1751 41

121 1781 192 1866 52?
218 1783 296 1872 ἔφη,
317 1781 533 1854 (διανοεῖσθε
552 1785 598 1867 ιδς
615 1785 699 1876 ὑπὲρ
717 1785 889 1874 Εὐβούλου
913 1791 968 1853 καὶ
989 1787 1159 1875 Φρύνωνος
1266 1861 1274 1873 .

120 1890 178 1955 καί
198 1889 430 1976 Φιλοκράτους,
454 1893 510 1956 καὶ
531 1896 700 1979 πειρᾶσθε
724 1892 845 1979 δώροις
866 1893 922 1957 καί
942 1896 1060 1956 τοῦτον
1079 1886 1159 1955 άνα-

121 1995 267 2072 πείθειν,
287 1987 469 2078 άνθρωπσν
487 1996 543 2058 καὶ
560 1991 617 2080 τήν
635 1995 795 2080 πατρῴαν
813 1990 928 2060 ούσίαν
947 1989 1159 2077 εἰςἈθηναί-

122 2118 180 2172 ους
200 2094 269 2184 ἰδίην
286 2120 322 2162 τε
339 2107 410 2174 τοῖς
429 2096 582 2182 δεηθεῖσι
599 2099 654 2161 καὶ
674 2094 817 2182 δημοσίᾳ
834 2101 874 2183 τῇ
896 2095 995 2161 πόλει
1016 2119 1159 2159 κατανα·
1251 2102 1252 2105 ’

121 2196 262 2263 λωκότα.
286 2198 562 2287 διαμαρτάνοντες
577 2199 612 2264 δὲ
622 2199 782 2285 φοβήσειν
792 2198 909 2264 οἴεσθε
922 2196 1029 2262 πάλαι
1038 2201 1158 2281 βεβου-

120 2301 276 2383 λευμένον
292 2298 350 2388 τήν
368 2299 477 2388 ψυχήν
490 2298 674 2369 ὑποθεῖναι
686 2313 760 2379 ταῖς
772 2306 831 2388 τής
844 2300 1007 2388 πατρίδος
1020 2294 1157 2386 ἀδήλοις

121 2402 245 2485 τύχαις.
282 2407 338 2470 καί
359 2410 617 2488 καθαπτομένου
640 2410 706 2471 τῶν
722 2407 958 2492 πραττομένων
981 2399 1062 2489 ύμῖν
1076 2399 1171 2487 άγα-·

121 2518 281 2573 νακτεῖτε·
310 2503 328 2573 ό
353 2504 384 2574 δ’
401 2504 478 2574 ούδὲ
498 2507 556 2575 τὸν
574 2505 756 2595 Ἀθηναίων
779 2509 881 2594 δήμον
908 2502 1156 2573 ὑποστέλλεται.

120 2611 262 2696 λέληθεν
278 2606 398 2695 ύμάς,”
424 2609 501 2699 ἔφη,
518 2609 581 2700 ατῇ
598 2613 658 2694 μὲν
675 2618 733 2697 τής
750 2611 912 2695 πατρίδος
930 2607 1042 2696 εὐνοίᾳ
1058 2610 1158 2676 πολι-

120 2711 309 2797 τευόμενος,
329 2710 421 2801 αύτῷ
439 2716 475 2781 δὲ
492 2711 550 2802 τήν
567 2716 738 2780 πολιτείαν
755 2710 934 2800 γυμνάσιον
953 2715 1158 2799 φιλοσοφίας

120 2813 362 2903 προθέμενος.”
390 2817 496 2883 ταῦτά
514 2843 576 2898 τοι,
598 2808 754 2904 ὦλρχία,
773 2813 1051 2903 ύπερεπεθύμουν
1066 2809 1157 2899 αὐτῷ
1174 2833 1207 2880 42

121 2919 354 3004 συγγενόμενος
371 2920 431 3007 τήν
446 2945 483 2986 τε
500 2921 640 3007 γνώμην,-
659 2920 697 3007 ήν
712 2919 781 3002 έχοι
794 2920 952 3007 περὶτῶν
969 2916 1154 3004 παρόντων,

120 3016 264 3089 άκούσαι
281 3024 504 3109 λέγοντοςκαὶ
521 3029 587 3090 τῶν
606 3019 992 3108 άεὶπαραπεπτωκότων
1009 3017 1087 3108 ἡμῖν
1100 3044 1158 3086 κο-

119 3121 239 3205 λύκων,
268 3123 299 3191 εἰ
320 3124 466 3213 ἐδεόμην,
496 3121 648 3202 ἀποστάς
670 3121 780 3191 άπλοῦ
806 3149 894 3202 τινος
917 3122 953 3204 ἕξ
978 3124 1158 3208 ἐλευθέρας

75 3270 87 3279 1
118 3224 253 3314 γνώμης
270 3223 410 3295 ἀκοῦσαι
427 3228 525 3313 λόγου
543 3231 599 3294 καὶ
617 3229 827 3316 φιλαλήθους
850 3229 1036 3312 συμβουλῆς
1056 3249 1159 3308 μετα-

119 3331 245 3413 λαβεῖν.
266 3336 338 3396 ’καί
352 3357 387 3398 τι
404 3334 459 3397 καὶ
476 3337 679 3419 νουθετήσαι
697 3332 833 3411 δίκαιον,
852 3326 935 3415 ὑπὲρ
955 3327 1035 3394 οἵων
1055 3323 1157 3393 όντων

9 3432 12 3439 ’
119 3437 188 3499 τῶν
206 3428 388 3520 Ἀθηναίων
409 3432 468 3522 τήν
490 3432 684 3521 ἀχαριστίαν
705 3433 817 3501 πάντα
842 3432 1076 3519 παραβάλοιτο
1098 3427 1157 3496 τὸν

120 3528 225 3613 αύτοή
245 3540 329 3618 βίον,
354 3528 425 3617 όξδν
447 3535 758 3627 εὐγνωμονεστέρους
779 3539 837 3604 καλ
856 3539 1083 3623 βεβαιοτέρως
1104 3556 1157 3598 κε-

65 3677 72 3692 ι
116 3642 271 3724 χρῆσθαι
289 3641 411 3725 φίλοις.
1136 3664 1138 3669 ⁴

173 3752 258 3810 APX.
288 3731 481 3826 ἶθβοσιλεύ,
500 3749 566 3821 τῶν
579 3745 639 3828 μὲν
652 3741 759 3811 άλλων
773 3744 856 3823 ’ίσως
869 3740 909 3810 ἂν
923 3741 1042 3823 ἐ’τυχες,
1059 3737 1159 3806 ταυτὶ

119 3842 161 3910 δὲ
175 3843 282 3930 μάτην
301 3840 340 3909 δν
358 3844 478 3932 ἔλεγες·
498 3840 585 3916 οὕτω
603 3854 747 3931 μανικιύς
766 3845 991 3933 φιλαθήναιος
1007 3833 1056 3930 ήν.

94 3978 102 3983 ·
172 3960 258 4015 ANT.
288 3937 343 4012 Ἦν
364 3956 482 4031 ταῦτα,
512 3940 681 4038 ὦίίρχία·
707 3955 742 4017 τί
761 3947 824 4037 γάρ
848 3944 887 4015 άν
901 3950 965 4014 ’καὶ
986 3948 1155 4033 λέγοιμενς

118 4044 211 4125 άλλά,
224 4054 298 4130 πῶς
316 4048 503 4139 άπέθανενῑ
