2748 4572
356 209 435 267 LIX.
461 210 562 268 ΠΕΡΙ
582 210 806 268 ΔΙΑΒΟΛΗΣ
828 210 947 267 25—32.
1117 201 1168 266 ’.Ἠ

21 374 22 393 2
132 318 155 409 ἦ
178 313 320 409 περὶτὰ
341 322 480 385 τοιαῦτα
503 312 659 403 ἁμαρτία.
699 321 734 384 τί
753 312 815 405 γὰρ
839 304 879 383 ἀν
899 342 952 396 τις
973 312 995 405 ἢ
1015 315 1074 385 τὸν
1094 328 1169 388 Σω-
1186 340 1221 390 29

21 452 22 455 ¹
130 423 253 512 κρύτην
270 424 362 508 λέγοι
378 416 436 499 τίεν
455 416 578 499 ἀδίκως
594 418 681 509 πρὸς
692 416 771 500 τοὺς
783 415 975 507 Ἀθηναίους
993 420 1170 508 διυβεβλη-
1235 488 1241 499 ,

131 530 232 611 μένον
251 520 297 603 ὥς
315 519 419 610 ἀσεβῆ
436 524 492 589 καί
510 521 696 608 ἐπίβουλον,
717 519 741 611 ἢ
758 519 816 590 τὸν
834 525 1055 606 θεμιστοκλέα
1071 519 1093 611 ἢ
1110 522 1169 592 τὸν

133 626 329 713 Μιλτιάδην,
348 623 427 704 τούς
443 622 528 709 μετὰ
544 625 742 719 τηλικαύτας
755 630 845 704 νίκας
860 623 1098 715 ίπὶπροδοσίηι
1109 633 1169 714 τῆς

128 727 286 808 Ἑλλάδος
306 724 483 806 ὑπόπτους
503 732 711 814 γενομένουςς
736 733 839 814 μυρίοι
859 726 923 817 γὰρ
943 727 986 795 τδι
1007 722 1187 814 παραδεί-·

19 848 20 915 3
129 824 243 920 γμοιτα
261 832 319 898 καὶ
337 829 452 914 σχεδὸν
469 828 512 897 τὰ
529 832 672 898 πλείστα
694 826 757 919 ἤδη
779 831 939 919 γνώριμα.
973 837 1009 898 τί
1031 821 1089 898 οάν
1104 828 1167 920 χρὴ
1186 852 1221 903 ευ

128 946 245 1002 ποιεῖν
266 933 325 1002 τόν
347 958 383 1020 γε
405 939 482 1001 νούν
500 932 614 1016 έχοντα
635 930 657 1021 ἢ
674 931 792 1022 ἀρετῆς
813 931 835 1022 ἢ
858 932 1019 1021 ἀληθείας
1042 932 1170 1021 ἀμφισ-

124 1041 312 1126 βητοῦντας
339 1032 437 1124 ὅπερ,
466 1032 574 1120 οίμαι,
597 1038 653 1103 καὶ
672 1031 808 1126 Ὅμηρος
831 1035 864 1104 ἐν
885 1043 934 1124 τῷ
955 1039 1034 1125 περί
1051 1036 1170 1126 Σειρή-

128 1164 199 1210 νων
221 1140 326 1226 μύθῳ
347 1135 494 1228 ᾐνίξατο,
523 1142 713 1227 παραπλεῖν
734 1140 889 1219 κελεύσας
910 1139 970 1218 τὰς
992 1136 1171 1227 ὀλεθρίους

123 1243 258 1320 ταύτας
273 1248 340 1308 τάν
358 1230 575 1326 ἀκουσμάτων
592 1238 713 1329 ἡδονὰς
729 1245 786 1310 καὶ
799 1239 1027 1330 ἀποφράττειν
1039 1240 1082 1309 τὰ
1095 1233 1169 1308 ὦτα

124 1349 186 1413 καὶ
202 1343 249 1433 μὴ
268 1341 384 1432 ἀνέδην
402 1341 488 1412 αὐτὰ
503 1341 758 1412 ἀναπεταννύειν
774 1356 847 1422 τοῖς
860 1344 970 1411 πάθει
986 1346 1168 1431 προειλημ-

122 1453 256 1534 μένοις,
281 1443 350 1513 ἀλλ
366 1446 591 1535 ἐπιστήσαντα
614 1443 731 1534 ἀκριβῆ
753 1444 910 1534 θυρωρὸν
930 1444 988 1514 τὸν
1009 1445 1167 1533 λογισμὸν
1254 1495 1258 1503 ,

17 1562 18 1583 ¹
125 1547 244 1618 ἀπασι
260 1562 335 1628 τοῖς
349 1552 545 1637 λεγομένοις,
563 1547 607 1616 τὰ
619 1550 678 1633 μέν
692 1546 770 1630 ἀξια
783 1554 992 1638 προσίεσθαι
1003 1552 1060 1616 καὶ
1072 1574 1170 1634 περι·
1251 1586 1254 1595 ,

122 1653 328 1739 βάλλεσθαι,
343 1650 386 1718 τὰ
399 1656 512 1739 φαῦλα
528 1653 564 1719 δέ
579 1649 766 1720 ἀποκλείειν
778 1655 834 1720 καί
848 1649 1018 1723 ἀπωθεῖν·
1036 1650 1167 1738 καὶγὰρ

123 1752 172 1822 ἀν
190 1755 241 1841 είη
259 1757 387 1842 γελοῖον
403 1761 461 1843 τῆς
477 1756 537 1839 μὲν
559 1754 665 1835 οίκίας
686 1753 862 1842 θυρωροὺς
882 1755 1098 1835 καθιστάναι,
1121 1751 1165 1820 τά

16 1930 17 1935 1
117 1848 202 1925 Ιὦτα
221 1858 331 1927 δὲκαὶ
347 1855 405 1944 τὴν
422 1857 572 1925 διάνοιαν
591 1855 778 1946 ἀνεῳγμένα
796 1857 869 1926 έᾶν..
899 1856 1035 1929 ἐπειδὰν
1056 1862 1165 1924 τοίνυν
1185 1876 1218 1925 ει

125 1966 270 2028 τοιαῦτα
283 1967 407 2048 προσίῃ
420 1985 472 2039 τις
485 1963 595 2047 λέγων,
613 1957 693 2028 ούτδ
708 1957 759 2048 ἐφ’
771 1960 887 2029 ἑαυτοῦ
900 1958 961 2049 χρὴ
974 1959 1013 2027 τὸ
1027 1965 1166 2048 πρᾶγμα

125 2061 306 2144 ἐξετάζειν,
334 2063 416 2150 μήτε
437 2060 565 2150 ἡλικίαν
586 2070 646 2131 τοῦ
661 2064 819 2151 ,λέγοντος
845 2061 974 2150 ὁρῶντα
999 2063 1082 2149 μήτε
1108 2058 1166 2128 τὸν

108 2162 233 2233 ,ἀλλον
253 2169 328 2250 βίον
349 2164 431 2251 μήτε
452 2162 510 2251 τὴν
532 2162 565 2230 ἐν
581 2176 653 2243 τοῖς
674 2165 786 2250 λόγοις
808 2161 988 2251 ἀγχίνοιαν·
1012 2159 1081 2249 ὅσην
1104 2163 1167 2251 γάρ

129 2292 187 2344 τις
204 2267 442 2353 πιθανώτερος,
462 2255 612 2353 τοσούτῳ
632 2266 885 2354 ἐπιμελεστέρας
904 2267 1010 2332 δεῖται
1027 2272 1086 2352 τῆς
1099 2263 1136 2344 ἐξ
1150 2305 1171 2318 -

130 2368 269 2448 τάσεως.
302 2365 340 2436 οὔ
360 2370 413 2437 δεῖ
426 2374 536 2436 τοίνυν
553 2369 722 2437 πιστεύειν
740 2364 897 2457 ἀλλοτρίην
909 2373 1023 2456 κρίσει,
1043 2369 1168 2452 μᾶλλον

130 2471 170 2539 δέ
193 2476 287 2557 μίσει
311 2477 371 2539 τού
402 2477 671 2559 κατηγοροῦντος,
705 2468 778 2538 ἀλλ’
798 2470 905 2559 ἑαυτῷ
931 2469 989 2560 τὴν
1009 2469 1167 2550 ,ἐξέτασιν

128 2577 315 2664 φυλακτέον
335 2580 396 2662 τῆς
417 2571 592 2663 ἀληθείας,
617 2571 788 2653 ἀποδόντα
808 2578 864 2641 καί
884 2581 932 2661 τῷ
955 2574 1168 2658 διαβάλλοντι

126 2675 191 2745 τὸν
206 2676 339 2766 φθόνον
356 2679 413 2744 καί
431 2676 464 2745 έν
482 2683 615 2768 φανερῷ
637 2678 862 2764 ποιησάμενον
876 2674 942 2744 ’.τὸν
965 2677 1092 2764 ’ἔλεγχον
1109 2681 1169 2763 τῆς

128 2779 286 2870 ἑκατέρου
305 2780 467 2861 διανοίας,
491 2784 547 2848 καὶ
567 2793 677 2866 μισεῖν
701 2776 786 2847 ούτω
804 2783 861 2847 καί
883 2779 1016 2867 ἀγαπᾶν
1037 2768 1096 2847 τὸν
1114 2779 1168 2844 ‹3⁶-

75 2873 78 2879 ’
127 2883 381 2968 δοκιμασμένον.
425 2883 505 2971 πρίν
532 2882 569 2951 δὲ
593 2890 693 2951 τοῦτο
719 2888 862 2971 ποιῆσαι
888 2881 923 2949 έκ
948 2890 1006 2971 τῆς
1032 2882 1168 2971 πρώτης

129 2986 290 3072 διαβολῆς
305 2982 717 3075 κεκινημένον,«Ἡράκλεις,
738 2982 785 3065 ὥς
801 2987 1018 3074 μειρακιῶδες
1034 2988 1091 3053 καί
1107 3011 1168 3052 τα·
1236 2988 1239 2995 ’

128 3085 246 3156 πεινδν
258 3091 314 3154 καί
327 3088 461 3156 πάντων
476 3085 534 3172 οάχ
546 3084 663 3176 ἥκιστα
677 3087 799 3157 ἀδικον.
824 3086 908 3156 ἀλλά
921 3090 1045 3157 τούτων
1059 3085 1168 3164 ἆπάν-
1186 3108 1220 3158 οε

129 3216 198 3259 των
221 3191 341 3273 αίτιον,
371 3187 455 3279 ὅπερ
478 3191 511 3259 έν
533 3189 615 3280 ἀρχῇ
638 3190 776 3279 ἔφαμεν,
804 3189 825 3278 ἡ
853 3185 969 3278 ἀγνοια
990 3190 1106 3259 καὶτὸ
1134 3190 1168 3257 ίν
1264 3238 1272 3245 ›

130 3288 242 3380 σκότῳ
260 3318 328 3361 που
347 3291 432 3362 είναι
448 3291 505 3362 τὸν
523 3293 661 3362 ἑκάστου
679 3294 821 3382 τρόπον·
845 3289 890 3372 ὦς
907 3293 942 3361 εί
954 3318 991 3381 γε
1008 3299 1100 3361 θεῶν
1116 3318 1169 3375 τις

132 3391 383 3485 ἀποκαλύψειεν
400 3392 492 3484 ἡμῶν
509 3395 587 3477 τοὺς
603 3402 711 3483 βίους,
736 3396 861 3480 οἴχοιτο
884 3392 925 3463 ἀν
947 3396 1116 3486 φεύγουσα
1134 3396 1169 3478 ἐς

129 3495 171 3565 τὸ
187 3499 364 3588 βάραθρον
380 3492 400 3587 ἡ
420 3498 557 3589 διαβολὴ
573 3500 683 3588 χώραν
702 3495 760 3569 οάκ
778 3499 907 3583 ἔχουσα,
928 3496 974 3580 ὦς
992 3496 1031 3569 ἀν
1049 3522 1169 3589 πεφω-
1200 3554 1203 3559 .

129 3606 293 3688 τιομίνων
310 3607 377 3671 τῶν
394 3604 596 3692 πραγμάτων
614 3600 681 3673 ἀπὸ
699 3611 758 3693 τῆς
776 3600 946 3693 ἀληθείας.
