<?xml version="1.0" encoding="UTF-8"?>
<!DOCTYPE html PUBLIC "-//W3C//DTD XHTML 1.0 Transitional//EN"
    "http://www.w3.org/TR/xhtml1/DTD/xhtml1-transitional.dtd">
<html xmlns="http://www.w3.org/1999/xhtml" xml:lang="en" lang="en">
 <head>
  <title>
</title>
<meta http-equiv="Content-Type" content="text/html;charset=utf-8" />
  <meta name='ocr-system' content='tesseract 3.04.00' />
  <meta name='ocr-capabilities' content='ocr_page ocr_carea ocr_par ocr_line ocrx_word'/>
</head>
<body>
  <div class='ocr_page' id='page_1' title='image "./lucianisamosate00dindgoog_0095.png"; bbox 0 0 2748 4572; ppageno 0'>
   <div class='ocr_carea' id='block_1_1' title="bbox 117 164 854 277">
    <p class='ocr_par' dir='ltr' id='par_1_1' title="bbox 117 164 854 277">
     <span class='ocr_line' id='line_1_1' title="bbox 117 164 854 277; baseline -0.005 -7"><span class='ocrx_word' id='word_1_1' title='bbox 117 208 120 209; x_wconf 28' lang='lat' dir='ltr'><em>f</em></span> <span class='ocrx_word' id='word_1_2' title='bbox 215 205 258 270; x_wconf 79' lang='grc' dir='ltr'><em>το</em></span> <span class='ocrx_word' id='word_1_3' title='bbox 309 164 313 177; x_wconf 56' lang='grc'><strong>“</strong></span> <span class='ocrx_word' id='word_1_4' title='bbox 374 206 378 213; x_wconf 85' lang='grc'><em>·</em></span> <span class='ocrx_word' id='word_1_5' title='bbox 529 203 532 209; x_wconf 76' lang='grc'><em>’</em></span> <span class='ocrx_word' id='word_1_6' title='bbox 597 208 854 277; x_wconf 72' lang='grc' dir='ltr'><em>ιουετΑαου</em></span> 
     </span>
    </p>
   </div>
   <div class='ocr_carea' id='block_1_2' title="bbox 33 308 1370 1640">
    <p class='ocr_par' dir='ltr' id='par_1_2' title="bbox 33 308 1370 1640">
     <span class='ocr_line' id='line_1_2' title="bbox 163 308 1370 449; baseline -0.002 -58"><span class='ocrx_word' id='word_1_7' title='bbox 163 345 194 392; x_wconf 91' lang='lat'><em>11</em></span> <span class='ocrx_word' id='word_1_8' title='bbox 213 312 328 449; x_wconf 75' lang='grc' dir='ltr'><em>καιρός</em></span> <span class='ocrx_word' id='word_1_9' title='bbox 341 312 402 417; x_wconf 84' lang='lat'><em>555</em></span> <span class='ocrx_word' id='word_1_10' title='bbox 419 344 474 387; x_wconf 93' lang='grc' dir='ltr'><em>σοι</em></span> <span class='ocrx_word' id='word_1_11' title='bbox 488 316 620 386; x_wconf 80' lang='grc' dir='ltr'><em>ἀκούειν</em></span> <span class='ocrx_word' id='word_1_12' title='bbox 633 314 677 385; x_wconf 88' lang='lat'><em>55</em></span> <span class='ocrx_word' id='word_1_13' title='bbox 691 323 815 385; x_wconf 80' lang='grc' dir='ltr'><em>σαυτοῦ</em></span> <span class='ocrx_word' id='word_1_14' title='bbox 823 316 921 384; x_wconf 90' lang='grc' dir='ltr'><em>κακά.</em></span> <span class='ocrx_word' id='word_1_15' title='bbox 930 308 1072 402; x_wconf 85' lang='grc' dir='ltr'><em>μᾶλλον</em></span> <span class='ocrx_word' id='word_1_16' title='bbox 1091 316 1127 386; x_wconf 73' lang='grc' dir='ltr'><em>δέ</em></span> <span class='ocrx_word' id='word_1_17' title='bbox 1144 326 1252 389; x_wconf 85' lang='grc' dir='ltr'><em>ταῦτα</em></span> <span class='ocrx_word' id='word_1_18' title='bbox 1369 334 1370 369; x_wconf 79' lang='lat'>3</span> 
     </span>
     <span class='ocr_line' id='line_1_3' title="bbox 118 418 1105 544; baseline -0.003 -51"><span class='ocrx_word' id='word_1_19' title='bbox 118 437 122 451; x_wconf 73' lang='grc'><strong>“</strong></span> <span class='ocrx_word' id='word_1_20' title='bbox 212 427 271 510; x_wconf 82' lang='grc' dir='ltr'><em>μὲν</em></span> <span class='ocrx_word' id='word_1_21' title='bbox 288 425 438 510; x_wconf 77' lang='grc' dir='ltr'><em>μηδέπω,</em></span> <span class='ocrx_word' id='word_1_22' title='bbox 458 447 537 509; x_wconf 91' lang='grc' dir='ltr'><em>περι</em></span> <span class='ocrx_word' id='word_1_23' title='bbox 525 422 648 488; x_wconf 51' lang='grc' dir='ltr'><em>ἱ’δὲ</em></span> <span class='ocrx_word' id='word_1_24' title='bbox 598 447 667 544; x_wconf 77' lang='grc' dir='ltr'><em>της</em></span> <span class='ocrx_word' id='word_1_25' title='bbox 685 418 885 508; x_wconf 79' lang='grc' dir='ltr'><em>ἀποφράδος</em></span> <span class='ocrx_word' id='word_1_26' title='bbox 902 421 1105 510; x_wconf 88' lang='grc' dir='ltr'><em>πρότερον.</em></span> 
     </span>
     <span class='ocr_line' id='line_1_4' title="bbox 262 522 1250 615; baseline 0.001 -21"><span class='ocrx_word' id='word_1_27' title='bbox 262 526 353 607; x_wconf 74' lang='grc' dir='ltr'><em>Εἰπὲ</em></span> <span class='ocrx_word' id='word_1_28' title='bbox 377 524 440 615; x_wconf 90' lang='grc' dir='ltr'><em>γάρ</em></span> <span class='ocrx_word' id='word_1_29' title='bbox 462 549 522 610; x_wconf 93' lang='grc' dir='ltr'><em>μοι</em></span> <span class='ocrx_word' id='word_1_30' title='bbox 544 522 631 614; x_wconf 85' lang='grc' dir='ltr'><em>πρὸς</em></span> <span class='ocrx_word' id='word_1_31' title='bbox 657 523 832 611; x_wconf 75' lang='grc' dir='ltr'><em>πανδήμου</em></span> <span class='ocrx_word' id='word_1_32' title='bbox 859 525 915 589; x_wconf 82' lang='grc' dir='ltr'><em>καὶ</em></span> <span class='ocrx_word' id='word_1_33' title='bbox 936 527 1110 592; x_wconf 87' lang='grc' dir='ltr'><em>Γενετυλλί</em></span> <span class='ocrx_word' id='word_1_34' title='bbox 1096 524 1181 606; x_wconf 93' lang='grc' dir='ltr'><em>ίδος</em></span> <span class='ocrx_word' id='word_1_35' title='bbox 1193 531 1250 596; x_wconf 85' lang='grc' dir='ltr'><em>καλ</em></span> 
     </span>
     <span class='ocr_line' id='line_1_5' title="bbox 212 613 1370 753; baseline 0.003 -56"><span class='ocrx_word' id='word_1_36' title='bbox 212 629 380 719; x_wconf 85' lang='grc' dir='ltr'><em>Κυβήβης,</em></span> <span class='ocrx_word' id='word_1_37' title='bbox 408 635 460 753; x_wconf 65' lang='grc' dir='ltr'><em>πη</em></span> <span class='ocrx_word' id='word_1_38' title='bbox 484 651 539 695; x_wconf 94' lang='grc' dir='ltr'><em>σοι</em></span> <span class='ocrx_word' id='word_1_39' title='bbox 563 624 725 753; x_wconf 64' lang='grc' dir='ltr'><em>μεμπτόν</em></span> <span class='ocrx_word' id='word_1_40' title='bbox 735 629 791 692; x_wconf 83' lang='grc' dir='ltr'><em>καὶ</em></span> <span class='ocrx_word' id='word_1_41' title='bbox 816 620 958 713; x_wconf 80' lang='grc' dir='ltr'><em>γέλωτος</em></span> <span class='ocrx_word' id='word_1_42' title='bbox 980 613 1077 709; x_wconf 84' lang='grc' dir='ltr'><em>ἀξιον</em></span> <span class='ocrx_word' id='word_1_43' title='bbox 1102 626 1251 715; x_wconf 82' lang='grc' dir='ltr'><em>τούνομα</em></span> <span class='ocrx_word' id='word_1_44' title='bbox 1369 712 1370 717; x_wconf 12' lang='lat'>¹</span> 
     </span>
     <span class='ocr_line' id='line_1_6' title="bbox 33 725 1251 857; baseline -0.001 -57"><span class='ocrx_word' id='word_1_45' title='bbox 33 811 40 823; x_wconf 88' lang='lat'><strong>.</strong></span> <span class='ocrx_word' id='word_1_46' title='bbox 143 766 152 777; x_wconf 34' lang='grc' dir='ltr'><em>ε</em></span> <span class='ocrx_word' id='word_1_47' title='bbox 213 729 298 801; x_wconf 83' lang='grc' dir='ltr'><em>εῖναι</em></span> <span class='ocrx_word' id='word_1_48' title='bbox 315 728 460 814; x_wconf 73' lang='grc' dir='ltr'><em>έδοξενε</em></span> <span class='ocrx_word' id='word_1_49' title='bbox 441 759 462 819; x_wconf 93' lang='grc' dir='ltr'><em>η</em></span> <span class='ocrx_word' id='word_1_50' title='bbox 479 728 654 857; x_wconf 61' lang='grc' dir='ltr'><em>ἀποφράς·</em></span> <span class='ocrx_word' id='word_1_51' title='bbox 669 726 730 816; x_wconf 83' lang='lat'><em>‘55</em></span> <span class='ocrx_word' id='word_1_52' title='bbox 717 726 813 810; x_wconf 82' lang='grc' dir='ltr'><em>Δί’,</em></span> <span class='ocrx_word' id='word_1_53' title='bbox 833 725 871 796; x_wconf 90' lang='grc' dir='ltr'><em>ού</em></span> <span class='ocrx_word' id='word_1_54' title='bbox 886 755 949 817; x_wconf 92' lang='grc' dir='ltr'><em>γαρ</em></span> <span class='ocrx_word' id='word_1_55' title='bbox 962 757 1001 819; x_wconf 93' lang='grc' dir='ltr'><em>ην</em></span> <span class='ocrx_word' id='word_1_56' title='bbox 1013 757 1079 799; x_wconf 90' lang='grc' dir='ltr'><em>των</em></span> <span class='ocrx_word' id='word_1_57' title='bbox 1090 727 1251 821; x_wconf 79' lang='grc' dir='ltr'><em>Ελληνων</em></span> 
     </span>
     <span class='ocr_line' id='line_1_7' title="bbox 183 827 1250 956; baseline -0.001 -54"><span class='ocrx_word' id='word_1_58' title='bbox 183 830 188 840; x_wconf 66' lang='grc'><strong>’</strong></span> <span class='ocrx_word' id='word_1_59' title='bbox 211 835 311 918; x_wconf 76' lang='grc' dir='ltr'><em>ἴδιον,</em></span> <span class='ocrx_word' id='word_1_60' title='bbox 341 831 426 902; x_wconf 90' lang='grc' dir='ltr'><em>ἀλλά</em></span> <span class='ocrx_word' id='word_1_61' title='bbox 447 832 595 901; x_wconf 77' lang='grc' dir='ltr'><em>ποθεν’</em></span> <span class='ocrx_word' id='word_1_62' title='bbox 580 833 820 916; x_wconf 91' lang='grc' dir='ltr'><em>επεσκωμάσαν</em></span> <span class='ocrx_word' id='word_1_63' title='bbox 847 827 961 956; x_wconf 76' lang='grc' dir='ltr'><em>αύτρῖς</em></span> <span class='ocrx_word' id='word_1_64' title='bbox 989 829 1058 900; x_wconf 88' lang='grc' dir='ltr'><em>ἀπὸ</em></span> <span class='ocrx_word' id='word_1_65' title='bbox 1080 840 1138 922; x_wconf 84' lang='lat'><em>555</em></span> <span class='ocrx_word' id='word_1_66' title='bbox 1161 833 1250 921; x_wconf 86' lang='grc' dir='ltr'><em>πρὸς</em></span> 
     </span>
     <span class='ocr_line' id='line_1_8' title="bbox 189 929 1265 1032; baseline -0.001 -28"><span class='ocrx_word' id='word_1_67' title='bbox 189 1016 197 1032; x_wconf 66' lang='lat'>,</span> <span class='ocrx_word' id='word_1_68' title='bbox 211 934 389 1016; x_wconf 86' lang='grc' dir='ltr'><em>Κελτους</em></span> <span class='ocrx_word' id='word_1_69' title='bbox 367 965 387 1025; x_wconf 96' lang='grc' dir='ltr'><em>η</em></span> <span class='ocrx_word' id='word_1_70' title='bbox 405 932 565 1026; x_wconf 78' lang='grc' dir='ltr'><em>Θρᾷκαςῆ</em></span> <span class='ocrx_word' id='word_1_71' title='bbox 578 936 714 1014; x_wconf 88' lang='grc' dir='ltr'><em>Σκύθας</em></span> <span class='ocrx_word' id='word_1_72' title='bbox 728 929 927 1018; x_wconf 76' lang='grc' dir='ltr'><em>ἐπιμιξί”</em></span> <span class='ocrx_word' id='word_1_73' title='bbox 858 959 906 1012; x_wconf 93' lang='grc' dir='ltr'><em>ας.</em></span> <span class='ocrx_word' id='word_1_74' title='bbox 956 958 995 1002; x_wconf 93' lang='grc' dir='ltr'><em>συ</em></span> <span class='ocrx_word' id='word_1_75' title='bbox 981 933 1097 1001; x_wconf 80' lang='grc' dir='ltr'><em>δὲ-</em></span> <span class='ocrx_word' id='word_1_76' title='bbox 1113 931 1265 1003; x_wconf 79' lang='grc' dir='ltr'><em>ἅπαντα</em></span> 
     </span>
     <span class='ocr_line' id='line_1_9' title="bbox 212 1035 1251 1168; baseline 0.001 -63"><span class='ocrx_word' id='word_1_77' title='bbox 212 1038 274 1168; x_wconf 84' lang='grc' dir='ltr'><em>γάρ</em></span> <span class='ocrx_word' id='word_1_78' title='bbox 294 1037 452 1108; x_wconf 80' lang='grc' dir='ltr'><em>οἶσθα</em></span> <span class='ocrx_word' id='word_1_79' title='bbox 417 1062 459 1106; x_wconf 95' lang='grc' dir='ltr'><em>τα</em></span> <span class='ocrx_word' id='word_1_80' title='bbox 476 1045 542 1106; x_wconf 87' lang='grc' dir='ltr'><em>τών</em></span> <span class='ocrx_word' id='word_1_81' title='bbox 559 1035 694 1126; x_wconf 85' lang='grc' dir='ltr'><em>Αθηυαί</em></span> <span class='ocrx_word' id='word_1_82' title='bbox 694 1063 799 1109; x_wconf 82' lang='grc' dir='ltr'><em>ων-</em></span> <span class='ocrx_word' id='word_1_83' title='bbox 818 1036 1001 1118; x_wconf 76' lang='grc' dir='ltr'><strong><em>ἐξέκλεισας</em></strong></span> <span class='ocrx_word' id='word_1_84' title='bbox 1021 1044 1120 1106; x_wconf 81' lang='grc' dir='ltr'><em>τοῦτο</em></span> <span class='ocrx_word' id='word_1_85' title='bbox 1144 1035 1251 1118; x_wconf 82' lang='grc' dir='ltr'><em>εάθὺς</em></span> 
     </span>
     <span class='ocr_line' id='line_1_10' title="bbox 211 1135 1246 1230; baseline 0 -23"><span class='ocrx_word' id='word_1_86' title='bbox 211 1167 270 1208; x_wconf 91' lang='grc' dir='ltr'><em>και</em></span> <span class='ocrx_word' id='word_1_87' title='bbox 258 1141 479 1230; x_wconf 76' lang='grc' dir='ltr'><strong><em>ἐξεκήρυξας</em></strong></span> <span class='ocrx_word' id='word_1_88' title='bbox 499 1167 557 1208; x_wconf 92' lang='grc' dir='ltr'><em>του</em></span> <span class='ocrx_word' id='word_1_89' title='bbox 543 1139 769 1270; x_wconf 77' lang='grc' dir='ltr'><em>Ἑλληνικοῦ,</em></span> <span class='ocrx_word' id='word_1_90' title='bbox 797 1135 898 1207; x_wconf 47' lang='grc' dir='ltr'><em>καί(</em></span> <span class='ocrx_word' id='word_1_91' title='bbox 881 1165 899 1206; x_wconf 92' lang='grc' dir='ltr'><em>ο</em></span> <span class='ocrx_word' id='word_1_92' title='bbox 922 1142 1025 1227; x_wconf 88' lang='grc' dir='ltr'><em>γέλως</em></span> <span class='ocrx_word' id='word_1_93' title='bbox 1047 1140 1105 1208; x_wconf 71' lang='grc' dir='ltr'><em>ἐπὶ</em></span> <span class='ocrx_word' id='word_1_94' title='bbox 1126 1142 1246 1228; x_wconf 86' lang='grc' dir='ltr'><em>τούτῳ,</em></span> 
     </span>
     <span class='ocr_line' id='line_1_11' title="bbox 213 1234 1370 1336; baseline -0.001 -24"><span class='ocrx_word' id='word_1_95' title='bbox 213 1241 266 1312; x_wconf 86' lang='grc' dir='ltr'><em>ὁτι</em></span> <span class='ocrx_word' id='word_1_96' title='bbox 281 1247 471 1336; x_wconf 75' lang='grc' dir='ltr'><strong><em>βαρβαρίζω</em></strong></span> <span class='ocrx_word' id='word_1_97' title='bbox 488 1271 544 1312; x_wconf 91' lang='grc' dir='ltr'><em>και</em></span> <span class='ocrx_word' id='word_1_98' title='bbox 534 1246 673 1327; x_wconf 86' lang='grc' dir='ltr'><em>ξενίζω</em></span> <span class='ocrx_word' id='word_1_99' title='bbox 692 1270 748 1311; x_wconf 85' lang='grc' dir='ltr'><em>και</em></span> <span class='ocrx_word' id='word_1_100' title='bbox 737 1241 908 1331; x_wconf 80' lang='grc' dir='ltr'><em>ύπερβαί</em></span> <span class='ocrx_word' id='word_1_101' title='bbox 908 1269 952 1316; x_wconf 92' lang='grc' dir='ltr'><em>νω</em></span> <span class='ocrx_word' id='word_1_102' title='bbox 967 1241 1045 1323; x_wconf 84' lang='grc' dir='ltr'><em>τούς</em></span> <span class='ocrx_word' id='word_1_103' title='bbox 1060 1239 1157 1331; x_wconf 87' lang='grc' dir='ltr'><em>ὁρους</em></span> <span class='ocrx_word' id='word_1_104' title='bbox 1168 1244 1252 1324; x_wconf 82' lang='grc' dir='ltr'><em>τοὺς</em></span> <span class='ocrx_word' id='word_1_105' title='bbox 1369 1234 1370 1311; x_wconf 54' lang='lat' dir='ltr'><strong>f</strong></span> 
     </span>
     <span class='ocr_line' id='line_1_12' title="bbox 208 1341 1370 1439; baseline -0.003 -23"><span class='ocrx_word' id='word_1_106' title='bbox 208 1344 380 1428; x_wconf 69' lang='grc' dir='ltr'><em>Ἀττικούς.</em></span> <span class='ocrx_word' id='word_1_107' title='bbox 416 1346 557 1436; x_wconf 79' lang='grc' dir='ltr'><em>καὶμὴν</em></span> <span class='ocrx_word' id='word_1_108' title='bbox 578 1354 613 1415; x_wconf 91' lang='grc' dir='ltr'><em>τί</em></span> <span class='ocrx_word' id='word_1_109' title='bbox 635 1345 715 1413; x_wconf 86' lang='grc' dir='ltr'><em>ἀλλο</em></span> <span class='ocrx_word' id='word_1_110' title='bbox 732 1343 921 1437; x_wconf 66' lang='grc' dir='ltr'><em>Ἀθηναίοις</em></span> <span class='ocrx_word' id='word_1_111' title='bbox 939 1341 1044 1425; x_wconf 73' lang='grc' dir='ltr'><em>οὕτως</em></span> <span class='ocrx_word' id='word_1_112' title='bbox 1068 1345 1248 1434; x_wconf 78' lang='grc' dir='ltr'><em>ἐπιχώριον</em></span> <span class='ocrx_word' id='word_1_113' title='bbox 1369 1364 1370 1439; x_wconf 67' lang='lat' dir='ltr'>j</span> 
     </span>
     <span class='ocr_line' id='line_1_13' title="bbox 212 1446 1370 1541; baseline -0.001 -23"><span class='ocrx_word' id='word_1_114' title='bbox 212 1446 258 1541; x_wconf 82' lang='lat'><em>55</em></span> <span class='ocrx_word' id='word_1_115' title='bbox 274 1454 367 1518; x_wconf 82' lang='grc' dir='ltr'><em>τουτὶ</em></span> <span class='ocrx_word' id='word_1_116' title='bbox 383 1449 538 1535; x_wconf 82' lang='grc' dir='ltr'><em>τοὸνομα,</em></span> <span class='ocrx_word' id='word_1_117' title='bbox 560 1461 658 1538; x_wconf 81' lang='grc' dir='ltr'><em>φαῖεν</em></span> <span class='ocrx_word' id='word_1_118' title='bbox 677 1447 716 1517; x_wconf 83' lang='grc' dir='ltr'><em>ἀν</em></span> <span class='ocrx_word' id='word_1_119' title='bbox 735 1449 821 1535; x_wconf 80' lang='grc' dir='ltr'><em>οἵγε</em></span> <span class='ocrx_word' id='word_1_120' title='bbox 840 1455 902 1517; x_wconf 88' lang='lat'><em>555</em></span> <span class='ocrx_word' id='word_1_121' title='bbox 914 1451 1038 1534; x_wconf 81' lang='grc' dir='ltr'><em>μᾶλλον</em></span> <span class='ocrx_word' id='word_1_122' title='bbox 1051 1447 1094 1515; x_wconf 85' lang='grc' dir='ltr'><em>τὰ</em></span> <span class='ocrx_word' id='word_1_123' title='bbox 1107 1455 1249 1517; x_wconf 84' lang='grc' dir='ltr'><em>τοιαῦτα</em></span> <span class='ocrx_word' id='word_1_124' title='bbox 1369 1450 1370 1529; x_wconf 67' lang='lat' dir='ltr'>J</span> 
     </span>
     <span class='ocr_line' id='line_1_14' title="bbox 212 1547 1250 1640; baseline 0 -21"><span class='ocrx_word' id='word_1_125' title='bbox 212 1553 352 1632; x_wconf 79' lang='grc' dir='ltr'><em>εἰδότες·</em></span> <span class='ocrx_word' id='word_1_126' title='bbox 376 1549 462 1621; x_wconf 79' lang='grc' dir='ltr'><em>ώστε</em></span> <span class='ocrx_word' id='word_1_127' title='bbox 480 1558 610 1620; x_wconf 82' lang='grc' dir='ltr'><em>θᾶττον</em></span> <span class='ocrx_word' id='word_1_128' title='bbox 630 1549 670 1618; x_wconf 83' lang='grc' dir='ltr'><em>ἀν</em></span> <span class='ocrx_word' id='word_1_129' title='bbox 690 1548 747 1618; x_wconf 84' lang='grc' dir='ltr'><em>τὸν</em></span> <span class='ocrx_word' id='word_1_130' title='bbox 762 1547 920 1637; x_wconf 77' lang='grc' dir='ltr'><em>Ἐρεχθέα</em></span> <span class='ocrx_word' id='word_1_131' title='bbox 941 1550 1072 1618; x_wconf 82' lang='grc' dir='ltr'><em>καὶτὸν</em></span> <span class='ocrx_word' id='word_1_132' title='bbox 1089 1557 1250 1640; x_wconf 85' lang='grc' dir='ltr'><em>Κέκροπα</em></span> 
     </span>
    </p>
   </div>
   <div class='ocr_carea' id='block_1_3' title="bbox 161 1752 1370 2258">
    <p class='ocr_par' dir='ltr' id='par_1_3' title="bbox 212 1752 1370 1882">
     <span class='ocr_line' id='line_1_15' title="bbox 212 1752 1370 1882; baseline 0.002 -59"><span class='ocrx_word' id='word_1_133' title='bbox 212 1753 397 1845; x_wconf 78' lang='grc' dir='ltr'><em>ἀποφράδα</em></span> <span class='ocrx_word' id='word_1_134' title='bbox 416 1758 466 1823; x_wconf 91' lang='grc' dir='ltr'><em>δεί</em></span> <span class='ocrx_word' id='word_1_135' title='bbox 454 1760 555 1837; x_wconf 90' lang='grc' dir='ltr'><em>ίξειας</em></span> <span class='ocrx_word' id='word_1_136' title='bbox 574 1755 633 1824; x_wconf 89' lang='grc' dir='ltr'><em>ούκ</em></span> <span class='ocrx_word' id='word_1_137' title='bbox 651 1756 719 1823; x_wconf 82' lang='grc' dir='ltr'><em>οἶκε</em></span> <span class='ocrx_word' id='word_1_138' title='bbox 723 1763 775 1822; x_wconf 93' lang='grc' dir='ltr'><em>ίαν</em></span> <span class='ocrx_word' id='word_1_139' title='bbox 723 1759 848 1823; x_wconf 88' lang='grc' dir='ltr'><em>ίκαλ</em></span> <span class='ocrx_word' id='word_1_140' title='bbox 866 1752 1056 1880; x_wconf 85' lang='grc' dir='ltr'><em>αύτόχθογα</em></span> <span class='ocrx_word' id='word_1_141' title='bbox 1073 1764 1149 1882; x_wconf 84' lang='lat'><em>555</em></span> <span class='ocrx_word' id='word_1_142' title='bbox 1136 1755 1250 1826; x_wconf 88' lang='grc' dir='ltr'><em>Αττι-</em></span> <span class='ocrx_word' id='word_1_143' title='bbox 1369 1780 1370 1817; x_wconf 71' lang='lat'>1</span> 
     </span>
    </p>

    <p class='ocr_par' dir='ltr' id='par_1_4' title="bbox 161 1850 1370 2258">
     <span class='ocr_line' id='line_1_16' title="bbox 161 1850 1316 1949; baseline -0.001 -21"><span class='ocrx_word' id='word_1_144' title='bbox 161 1881 194 1928; x_wconf 80' lang='lat'><em>12</em></span> <span class='ocrx_word' id='word_1_145' title='bbox 198 1865 280 1949; x_wconf 83' lang='grc' dir='ltr'><em>κῆς.</em></span> <span class='ocrx_word' id='word_1_146' title='bbox 316 1857 427 1927; x_wconf 84' lang='grc' dir='ltr'><em>πολλὰ</em></span> <span class='ocrx_word' id='word_1_147' title='bbox 444 1859 561 1943; x_wconf 63' lang='grc' dir='ltr'><em>μέν’</em></span> <span class='ocrx_word' id='word_1_148' title='bbox 520 1886 583 1947; x_wconf 91' lang='grc' dir='ltr'><em>γαρ</em></span> <span class='ocrx_word' id='word_1_149' title='bbox 603 1858 690 1926; x_wconf 72' lang='grc' dir='ltr'><em>ἐστιν</em></span> <span class='ocrx_word' id='word_1_150' title='bbox 709 1859 730 1925; x_wconf 88' lang='lat'><em>5</em></span> <span class='ocrx_word' id='word_1_151' title='bbox 721 1858 804 1925; x_wconf 86' lang='grc' dir='ltr'><em>καλ</em></span> <span class='ocrx_word' id='word_1_152' title='bbox 827 1856 923 1926; x_wconf 82' lang='grc' dir='ltr'><em>αύτολ</em></span> <span class='ocrx_word' id='word_1_153' title='bbox 944 1858 1028 1928; x_wconf 85' lang='grc' dir='ltr'><em>κατὰ</em></span> <span class='ocrx_word' id='word_1_154' title='bbox 1050 1858 1156 1928; x_wconf 82' lang='grc' dir='ltr'><em>ταύτὰ</em></span> <span class='ocrx_word' id='word_1_155' title='bbox 1173 1872 1250 1940; x_wconf 89' lang='grc' dir='ltr'><em>τοῖς</em></span> <span class='ocrx_word' id='word_1_156' title='bbox 1313 1850 1316 1864; x_wconf 52' lang='grc'><em>’</em></span> 
     </span>
     <span class='ocr_line' id='line_1_17' title="bbox 211 1958 1370 2091; baseline 0 -61"><span class='ocrx_word' id='word_1_157' title='bbox 211 1967 314 2030; x_wconf 84' lang='grc' dir='ltr'><em>πᾶσιν</em></span> <span class='ocrx_word' id='word_1_158' title='bbox 332 1958 531 2049; x_wconf 89' lang='grc' dir='ltr'><em>ἀνθρώποις</em></span> <span class='ocrx_word' id='word_1_159' title='bbox 540 1959 775 2091; x_wconf 76' lang='grc' dir='ltr'><em>ὀνομάζουσιν,</em></span> <span class='ocrx_word' id='word_1_160' title='bbox 795 1959 981 2089; x_wconf 81' lang='grc' dir='ltr'><em>ἀποφράδα</em></span> <span class='ocrx_word' id='word_1_161' title='bbox 1000 1964 1036 2029; x_wconf 82' lang='grc' dir='ltr'><em>δέ</em></span> <span class='ocrx_word' id='word_1_162' title='bbox 1049 1964 1149 2085; x_wconf 83' lang='grc' dir='ltr'><em>μάγοι</em></span> <span class='ocrx_word' id='word_1_163' title='bbox 1162 1962 1249 2030; x_wconf 75' lang='lat'><em>5555-</em></span> <span class='ocrx_word' id='word_1_164' title='bbox 1369 2042 1370 2049; x_wconf 12' lang='grc' dir='ltr'><em>η</em></span> 
     </span>
     <span class='ocr_line' id='line_1_18' title="bbox 211 2061 1249 2154; baseline 0.002 -22"><span class='ocrx_word' id='word_1_165' title='bbox 211 2089 264 2132; x_wconf 90' lang='grc' dir='ltr'><em>υοι</em></span> <span class='ocrx_word' id='word_1_166' title='bbox 279 2062 338 2153; x_wconf 81' lang='lat'><em>555</em></span> <span class='ocrx_word' id='word_1_167' title='bbox 355 2063 479 2152; x_wconf 81' lang='grc' dir='ltr'><em>μιαρὰν</em></span> <span class='ocrx_word' id='word_1_168' title='bbox 496 2068 551 2132; x_wconf 85' lang='grc' dir='ltr'><em>καὶ</em></span> <span class='ocrx_word' id='word_1_169' title='bbox 570 2062 733 2153; x_wconf 81' lang='grc' dir='ltr'><em>ἀπευκτὴν</em></span> <span class='ocrx_word' id='word_1_170' title='bbox 750 2068 806 2131; x_wconf 87' lang='grc' dir='ltr'><em>καλ</em></span> <span class='ocrx_word' id='word_1_171' title='bbox 825 2061 985 2133; x_wconf 88' lang='grc' dir='ltr'><em>ἀπαίσιον</em></span> <span class='ocrx_word' id='word_1_172' title='bbox 1002 2062 1100 2133; x_wconf 80' lang='grc' dir='ltr'><em>καλ”</em></span> <span class='ocrx_word' id='word_1_173' title='bbox 1077 2091 1249 2154; x_wconf 88' lang='grc' dir='ltr'><em>απρακτον</em></span> 
     </span>
     <span class='ocr_line' id='line_1_19' title="bbox 210 2163 1248 2258; baseline 0.001 -25"><span class='ocrx_word' id='word_1_174' title='bbox 210 2193 266 2233; x_wconf 91' lang='grc' dir='ltr'><em>και</em></span> <span class='ocrx_word' id='word_1_175' title='bbox 254 2169 338 2235; x_wconf 89' lang='grc' dir='ltr'><em>σολ</em></span> <span class='ocrx_word' id='word_1_176' title='bbox 357 2164 476 2251; x_wconf 81' lang='grc' dir='ltr'><em>ὁμοίαν</em></span> <span class='ocrx_word' id='word_1_177' title='bbox 492 2166 625 2257; x_wconf 79' lang='grc' dir='ltr'><em>ἡμέραν.</em></span> <span class='ocrx_word' id='word_1_178' title='bbox 663 2166 745 2249; x_wconf 85' lang='lat'><em>5505,</em></span> <span class='ocrx_word' id='word_1_179' title='bbox 764 2163 964 2257; x_wconf 72' lang='grc' dir='ltr'><em>μεμάθηκας</em></span> <span class='ocrx_word' id='word_1_180' title='bbox 980 2164 1042 2256; x_wconf 87' lang='lat'><em>555</em></span> <span class='ocrx_word' id='word_1_181' title='bbox 1062 2163 1142 2235; x_wconf 88' lang='lat'><em>5555</em></span> <span class='ocrx_word' id='word_1_182' title='bbox 1156 2167 1248 2258; x_wconf 86' lang='grc' dir='ltr'><em>πάρ-</em></span> 
     </span>
    </p>
   </div>
   <div class='ocr_carea' id='block_1_4' title="bbox 159 2264 1250 2804">
    <p class='ocr_par' dir='ltr' id='par_1_5' title="bbox 159 2264 1250 2769">
     <span class='ocr_line' id='line_1_20' title="bbox 211 2264 1248 2360; baseline 0.002 -24"><span class='ocrx_word' id='word_1_183' title='bbox 211 2294 313 2358; x_wconf 89' lang='grc' dir='ltr'><em>εργον,</em></span> <span class='ocrx_word' id='word_1_184' title='bbox 337 2276 371 2336; x_wconf 87' lang='grc' dir='ltr'><em>τί</em></span> <span class='ocrx_word' id='word_1_185' title='bbox 386 2271 542 2355; x_wconf 80' lang='grc' dir='ltr'><em>βούλεται</em></span> <span class='ocrx_word' id='word_1_186' title='bbox 561 2269 675 2350; x_wconf 85' lang='grc' dir='ltr'><em>αύτοῖς</em></span> <span class='ocrx_word' id='word_1_187' title='bbox 691 2267 712 2359; x_wconf 88' lang='lat'><em>5</em></span> <span class='ocrx_word' id='word_1_188' title='bbox 731 2268 890 2360; x_wconf 87' lang='grc' dir='ltr'><em>ἀποφρὰς</em></span> <span class='ocrx_word' id='word_1_189' title='bbox 912 2268 1032 2359; x_wconf 84' lang='grc' dir='ltr'><em>ἡμέρα·</em></span> <span class='ocrx_word' id='word_1_190' title='bbox 1061 2264 1140 2337; x_wconf 83' lang='grc' dir='ltr'><em>ὁταν</em></span> <span class='ocrx_word' id='word_1_191' title='bbox 1161 2270 1248 2357; x_wconf 82' lang='grc' dir='ltr'><em>μήτε</em></span> 
     </span>
     <span class='ocr_line' id='line_1_21' title="bbox 211 2363 1249 2470; baseline 0.004 -33"><span class='ocrx_word' id='word_1_192' title='bbox 211 2372 248 2438; x_wconf 84' lang='grc' dir='ltr'><em>αλ</em></span> <span class='ocrx_word' id='word_1_193' title='bbox 274 2369 373 2461; x_wconf 88' lang='grc' dir='ltr'><em>ἀρχαὶ</em></span> <span class='ocrx_word' id='word_1_194' title='bbox 397 2373 622 2460; x_wconf 79' lang='grc' dir='ltr'><em>χρηματίζωσι</em></span> <span class='ocrx_word' id='word_1_195' title='bbox 648 2373 731 2470; x_wconf 79' lang='grc' dir='ltr'><em>μήτε</em></span> <span class='ocrx_word' id='word_1_196' title='bbox 758 2374 975 2462; x_wconf 69' lang='grc' dir='ltr'><em>εἰσαγώγιμοι</em></span> <span class='ocrx_word' id='word_1_197' title='bbox 1001 2372 1153 2463; x_wconf 82' lang='grc' dir='ltr'><em>αλδίκαι</em></span> <span class='ocrx_word' id='word_1_198' title='bbox 1179 2363 1249 2441; x_wconf 83' lang='grc' dir='ltr'><em>ώσι</em></span> 
     </span>
     <span class='ocr_line' id='line_1_22' title="bbox 209 2472 1250 2565; baseline 0 -25"><span class='ocrx_word' id='word_1_199' title='bbox 209 2474 292 2560; x_wconf 81' lang='grc' dir='ltr'><em>μήτε</em></span> <span class='ocrx_word' id='word_1_200' title='bbox 313 2473 355 2541; x_wconf 89' lang='lat'><em>55</em></span> <span class='ocrx_word' id='word_1_201' title='bbox 379 2472 451 2562; x_wconf 76' lang='grc' dir='ltr'><em>ἱερὰ</em></span> <span class='ocrx_word' id='word_1_202' title='bbox 474 2474 681 2565; x_wconf 70' lang='grc' dir='ltr'><em>ἱερουργῆται</em></span> <span class='ocrx_word' id='word_1_203' title='bbox 702 2473 785 2564; x_wconf 75' lang='grc' dir='ltr'><em>μήθ’</em></span> <span class='ocrx_word' id='word_1_204' title='bbox 802 2472 888 2556; x_wconf 85' lang='grc' dir='ltr'><em>ὁλως</em></span> <span class='ocrx_word' id='word_1_205' title='bbox 909 2502 943 2543; x_wconf 86' lang='grc' dir='ltr'><em>τι</em></span> <span class='ocrx_word' id='word_1_206' title='bbox 963 2482 1030 2543; x_wconf 88' lang='grc' dir='ltr'><em>τών</em></span> <span class='ocrx_word' id='word_1_207' title='bbox 1052 2475 1169 2542; x_wconf 80' lang='grc' dir='ltr'><em>αἰσίων</em></span> <span class='ocrx_word' id='word_1_208' title='bbox 1189 2499 1250 2541; x_wconf 82' lang='grc' dir='ltr'><em>τε-</em></span> 
     </span>
     <span class='ocr_line' id='line_1_23' title="bbox 159 2572 1245 2668; baseline -0.002 -22"><span class='ocrx_word' id='word_1_209' title='bbox 159 2597 192 2646; x_wconf 81' lang='lat'><em>13</em></span> <span class='ocrx_word' id='word_1_210' title='bbox 211 2580 323 2664; x_wconf 81' lang='grc' dir='ltr'><em>λῆται,</em></span> <span class='ocrx_word' id='word_1_211' title='bbox 348 2572 429 2665; x_wconf 86' lang='lat'><em>5555</em></span> <span class='ocrx_word' id='word_1_212' title='bbox 449 2574 608 2667; x_wconf 88' lang='grc' dir='ltr'><em>ἀποφρὰς</em></span> <span class='ocrx_word' id='word_1_213' title='bbox 624 2574 739 2668; x_wconf 76' lang='grc' dir='ltr'><em>ἡμέρα.</em></span> <span class='ocrx_word' id='word_1_214' title='bbox 775 2577 937 2667; x_wconf 74' lang='grc' dir='ltr'><em>ἐνομίσθη</em></span> <span class='ocrx_word' id='word_1_215' title='bbox 957 2579 994 2645; x_wconf 84' lang='lat'><em>55</em></span> <span class='ocrx_word' id='word_1_216' title='bbox 1014 2584 1113 2645; x_wconf 87' lang='grc' dir='ltr'><em>τούτο</em></span> <span class='ocrx_word' id='word_1_217' title='bbox 1133 2573 1245 2644; x_wconf 72' lang='grc' dir='ltr'><em>ἄλλοτ’</em></span> 
     </span>
     <span class='ocr_line' id='line_1_24' title="bbox 210 2676 1248 2804; baseline 0.001 -58"><span class='ocrx_word' id='word_1_218' title='bbox 210 2677 262 2747; x_wconf 74' lang='grc' dir='ltr'><em>ἐπ’</em></span> <span class='ocrx_word' id='word_1_219' title='bbox 278 2676 394 2760; x_wconf 86' lang='grc' dir='ltr'><em>ἀλλαις</em></span> <span class='ocrx_word' id='word_1_220' title='bbox 417 2679 555 2759; x_wconf 82' lang='grc' dir='ltr'><em>αἰτίαις·</em></span> <span class='ocrx_word' id='word_1_221' title='bbox 581 2676 610 2769; x_wconf 96' lang='lat'><em>5</em></span> <span class='ocrx_word' id='word_1_222' title='bbox 624 2678 686 2804; x_wconf 69' lang='grc' dir='ltr'><em>γάρ</em></span> <span class='ocrx_word' id='word_1_223' title='bbox 713 2677 909 2769; x_wconf 80' lang='grc' dir='ltr'><em>ἡττηθέντες</em></span> <span class='ocrx_word' id='word_1_224' title='bbox 934 2680 1060 2766; x_wconf 88' lang='grc' dir='ltr'><em>μάχαις</em></span> <span class='ocrx_word' id='word_1_225' title='bbox 1084 2680 1248 2767; x_wconf 84' lang='grc' dir='ltr'><em>μεγάλαις</em></span> 
     </span>
    </p>
   </div>
   <div class='ocr_carea' id='block_1_5' title="bbox 150 2780 1248 4129">
    <p class='ocr_par' dir='ltr' id='par_1_6' title="bbox 208 2780 1248 3078">
     <span class='ocr_line' id='line_1_25' title="bbox 210 2780 1248 2908; baseline -0.002 -57.998"><span class='ocrx_word' id='word_1_226' title='bbox 210 2781 328 2850; x_wconf 76' lang='grc' dir='ltr'><em>’ἔπειτα</em></span> <span class='ocrx_word' id='word_1_227' title='bbox 345 2781 496 2865; x_wconf 74' lang='grc' dir='ltr'><em>’έταξαν’</em></span> <span class='ocrx_word' id='word_1_228' title='bbox 481 2808 532 2850; x_wconf 89' lang='grc' dir='ltr'><em>εκε</em></span> <span class='ocrx_word' id='word_1_229' title='bbox 534 2788 605 2863; x_wconf 89' lang='grc' dir='ltr'><em>ίνας</em></span> <span class='ocrx_word' id='word_1_230' title='bbox 620 2781 681 2864; x_wconf 87' lang='lat'><em>555</em></span> <span class='ocrx_word' id='word_1_231' title='bbox 694 2780 826 2908; x_wconf 74' lang='lat'><em>555555,</em></span> <span class='ocrx_word' id='word_1_232' title='bbox 846 2782 879 2850; x_wconf 82' lang='grc' dir='ltr'><em>έν</em></span> <span class='ocrx_word' id='word_1_233' title='bbox 893 2781 995 2863; x_wconf 83' lang='grc' dir='ltr'><em>αῖς</em></span> <span class='ocrx_word' id='word_1_234' title='bbox 959 2810 1001 2849; x_wconf 87' lang='grc' dir='ltr'><em>τα</em></span> <span class='ocrx_word' id='word_1_235' title='bbox 1014 2789 1153 2850; x_wconf 87' lang='grc' dir='ltr'><em>τοιαῦτα</em></span> <span class='ocrx_word' id='word_1_236' title='bbox 1167 2782 1248 2851; x_wconf 84' lang='grc' dir='ltr'><em>έπε-</em></span> 
     </span>
     <span class='ocr_line' id='line_1_26' title="bbox 208 2882 1245 3012; baseline -0.001 -58"><span class='ocrx_word' id='word_1_237' title='bbox 208 2886 391 2967; x_wconf 87' lang='grc' dir='ltr'><em>πόνθεσαν,</em></span> <span class='ocrx_word' id='word_1_238' title='bbox 411 2882 600 3010; x_wconf 81' lang='grc' dir='ltr'><em>ἀπράκτους</em></span> <span class='ocrx_word' id='word_1_239' title='bbox 615 2889 672 2955; x_wconf 89' lang='grc' dir='ltr'><em>καὶ</em></span> <span class='ocrx_word' id='word_1_240' title='bbox 689 2883 829 2973; x_wconf 85' lang='grc' dir='ltr'><em>ἀκύρους</em></span> <span class='ocrx_word' id='word_1_241' title='bbox 845 2893 911 2954; x_wconf 84' lang='grc' dir='ltr'><em>τῶν</em></span> <span class='ocrx_word' id='word_1_242' title='bbox 931 2884 1074 3012; x_wconf 78' lang='grc' dir='ltr'><em>ένγόμων</em></span> <span class='ocrx_word' id='word_1_243' title='bbox 1089 2886 1245 2973; x_wconf 85' lang='grc' dir='ltr'><em>πράξεων</em></span> 
     </span>
     <span class='ocr_line' id='line_1_27' title="bbox 211 2985 1247 3078; baseline -0.002 -21.965"><span class='ocrx_word' id='word_1_244' title='bbox 211 2985 346 3070; x_wconf 79' lang='grc' dir='ltr'><em>ε,ἶναι’</em></span> <span class='ocrx_word' id='word_1_245' title='bbox 323 3016 344 3076; x_wconf 95' lang='grc' dir='ltr'><em>η</em></span> <span class='ocrx_word' id='word_1_246' title='bbox 362 2987 467 3054; x_wconf 87' lang='grc' dir='ltr'><em>καί</em></span> <span class='ocrx_word' id='word_1_247' title='bbox 435 3014 554 3076; x_wconf 85' lang='grc' dir='ltr'><em>νηα</em></span> <span class='ocrx_word' id='word_1_248' title='bbox 488 2996 554 3057; x_wconf 90' lang='grc' dir='ltr'><em>Δία</em></span> <span class='ocrx_word' id='word_1_249' title='bbox 572 3038 658 3056; x_wconf 91' lang='grc'><strong>.....</strong></span> <span class='ocrx_word' id='word_1_250' title='bbox 678 2986 827 3056; x_wconf 81' lang='grc' dir='ltr'><em>καίτοι”</em></span> <span class='ocrx_word' id='word_1_251' title='bbox 804 3014 940 3078; x_wconf 91' lang='grc' dir='ltr'><em>ακαιρον</em></span> <span class='ocrx_word' id='word_1_252' title='bbox 957 2989 1040 3067; x_wconf 83' lang='grc' dir='ltr'><em>ἰ’σως</em></span> <span class='ocrx_word' id='word_1_253' title='bbox 1052 2991 1109 3055; x_wconf 83' lang='grc' dir='ltr'><em>καί</em></span> <span class='ocrx_word' id='word_1_254' title='bbox 1122 2987 1247 3073; x_wconf 75' lang='grc' dir='ltr'><em>έξωρόν</em></span> 
     </span>
    </p>

    <p class='ocr_par' dir='ltr' id='par_1_7' title="bbox 157 3087 1247 4006">
     <span class='ocr_line' id='line_1_28' title="bbox 207 3087 1247 3215; baseline -0.001 -57"><span class='ocrx_word' id='word_1_255' title='bbox 207 3115 245 3180; x_wconf 88' lang='grc' dir='ltr'><em>γε</em></span> <span class='ocrx_word' id='word_1_256' title='bbox 257 3087 324 3180; x_wconf 84' lang='lat'><em>555</em></span> <span class='ocrx_word' id='word_1_257' title='bbox 341 3095 479 3181; x_wconf 89' lang='grc' dir='ltr'><em>γέροντα</em></span> <span class='ocrx_word' id='word_1_258' title='bbox 490 3087 614 3215; x_wconf 80' lang='grc' dir='ltr'><em>ἀγδρα</em></span> <span class='ocrx_word' id='word_1_259' title='bbox 618 3092 873 3215; x_wconf 76' lang='grc' dir='ltr'><em>μεταπαιδεύειν</em></span> <span class='ocrx_word' id='word_1_260' title='bbox 886 3094 942 3158; x_wconf 85' lang='grc' dir='ltr'><em>καλ</em></span> <span class='ocrx_word' id='word_1_261' title='bbox 954 3087 1240 3158; x_wconf 89' lang='grc' dir='ltr'><em>ἀναδιδάσκειν</em></span> <span class='ocrx_word' id='word_1_262' title='bbox 1200 3117 1247 3157; x_wconf 89' lang='grc' dir='ltr'><em>τα</em></span> 
     </span>
     <span class='ocr_line' id='line_1_29' title="bbox 207 3190 1246 3283; baseline -0.001 -21"><span class='ocrx_word' id='word_1_263' title='bbox 207 3202 360 3279; x_wconf 81' lang='grc' dir='ltr'><em>τοιαῦτα,</em></span> <span class='ocrx_word' id='word_1_264' title='bbox 383 3195 467 3283; x_wconf 77' lang='grc' dir='ltr'><em>μηδὲ</em></span> <span class='ocrx_word' id='word_1_265' title='bbox 489 3192 534 3260; x_wconf 86' lang='lat'><em>55</em></span> <span class='ocrx_word' id='word_1_266' title='bbox 553 3193 620 3281; x_wconf 85' lang='grc' dir='ltr'><em>πρὸ</em></span> <span class='ocrx_word' id='word_1_267' title='bbox 639 3194 764 3262; x_wconf 90' lang='grc' dir='ltr'><em>τούτων</em></span> <span class='ocrx_word' id='word_1_268' title='bbox 783 3194 905 3262; x_wconf 81' lang='grc' dir='ltr'><em>εἰδότα.</em></span> <span class='ocrx_word' id='word_1_269' title='bbox 948 3193 1036 3262; x_wconf 88' lang='grc' dir='ltr'><em>πάνυ</em></span> <span class='ocrx_word' id='word_1_270' title='bbox 1058 3200 1136 3281; x_wconf 83' lang='grc' dir='ltr'><em>γοῦν</em></span> <span class='ocrx_word' id='word_1_271' title='bbox 1153 3190 1246 3263; x_wconf 70' lang='grc' dir='ltr'><em>τοῦτ’,</em></span> 
     </span>
     <span class='ocr_line' id='line_1_30' title="bbox 208 3292 1246 3422; baseline -0.004 -55"><span class='ocrx_word' id='word_1_272' title='bbox 208 3296 280 3367; x_wconf 80' lang='lat'><em>5555</em></span> <span class='ocrx_word' id='word_1_273' title='bbox 299 3295 339 3365; x_wconf 88' lang='lat'><em>55</em></span> <span class='ocrx_word' id='word_1_274' title='bbox 362 3300 487 3379; x_wconf 89' lang='grc' dir='ltr'><em>λεῖπον,</em></span> <span class='ocrx_word' id='word_1_275' title='bbox 511 3293 570 3422; x_wconf 88' lang='grc' dir='ltr'><em>κάν</em></span> <span class='ocrx_word' id='word_1_276' title='bbox 593 3296 742 3421; x_wconf 73' lang='grc' dir='ltr'><em>ἐκμάθῃς</em></span> <span class='ocrx_word' id='word_1_277' title='bbox 765 3294 859 3379; x_wconf 82' lang='grc' dir='ltr'><em>αὐτὸ,</em></span> <span class='ocrx_word' id='word_1_278' title='bbox 887 3292 926 3364; x_wconf 86' lang='grc' dir='ltr'><em>τὸ</em></span> <span class='ocrx_word' id='word_1_279' title='bbox 949 3301 1018 3365; x_wconf 82' lang='grc' dir='ltr'><em>πᾶν</em></span> <span class='ocrx_word' id='word_1_280' title='bbox 1039 3292 1118 3385; x_wconf 81' lang='grc' dir='ltr'><em>ἡμῖν</em></span> <span class='ocrx_word' id='word_1_281' title='bbox 1145 3293 1246 3376; x_wconf 82' lang='grc' dir='ltr'><em>εἰδώς</em></span> 
     </span>
     <span class='ocr_line' id='line_1_31' title="bbox 208 3389 1246 3524; baseline -0.002 -56"><span class='ocrx_word' id='word_1_282' title='bbox 208 3401 277 3489; x_wconf 79' lang='lat'><em>555.</em></span> <span class='ocrx_word' id='word_1_283' title='bbox 304 3401 415 3468; x_wconf 90' lang='grc' dir='ltr'><em>πόθεν</em></span> <span class='ocrx_word' id='word_1_284' title='bbox 431 3399 504 3524; x_wconf 69' lang='grc' dir='ltr'><em>γάρ,</em></span> <span class='ocrx_word' id='word_1_285' title='bbox 525 3391 552 3466; x_wconf 84' lang='lat'><em>5</em></span> <span class='ocrx_word' id='word_1_286' title='bbox 571 3389 682 3485; x_wconf 81' lang='grc' dir='ltr'><em>οὗτος,·</em></span> <span class='ocrx_word' id='word_1_287' title='bbox 699 3427 742 3466; x_wconf 88' lang='grc' dir='ltr'><em>τα</em></span> <span class='ocrx_word' id='word_1_288' title='bbox 727 3398 871 3483; x_wconf 79' lang='grc' dir='ltr'><em>μὲν</em></span> <span class='ocrx_word' id='word_1_289' title='bbox 834 3426 897 3487; x_wconf 92' lang='grc' dir='ltr'><em>γαρ</em></span> <span class='ocrx_word' id='word_1_290' title='bbox 912 3395 1103 3466; x_wconf 71' lang='lat'><em>5555555’</em></span> <span class='ocrx_word' id='word_1_291' title='bbox 1081 3406 1246 3489; x_wconf 80' lang='grc' dir='ltr'><em>αγνοῆσαι</em></span> 
     </span>
     <span class='ocr_line' id='line_1_32' title="bbox 208 3495 1245 3591; baseline -0.004 -19"><span class='ocrx_word' id='word_1_292' title='bbox 208 3502 380 3591; x_wconf 82' lang='grc' dir='ltr'><em>συγγνώμη</em></span> <span class='ocrx_word' id='word_1_293' title='bbox 400 3500 513 3571; x_wconf 85' lang='grc' dir='ltr'><em>ὁπόσα</em></span> <span class='ocrx_word' id='word_1_294' title='bbox 531 3495 593 3585; x_wconf 83' lang='grc' dir='ltr'><em>ἐ’ξω</em></span> <span class='ocrx_word' id='word_1_295' title='bbox 610 3527 669 3570; x_wconf 90' lang='grc' dir='ltr'><em>του</em></span> <span class='ocrx_word' id='word_1_296' title='bbox 656 3504 816 3570; x_wconf 81' lang='grc' dir='ltr'><em>πολλοῦ</em></span> <span class='ocrx_word' id='word_1_297' title='bbox 834 3502 944 3570; x_wconf 92' lang='grc' dir='ltr'><em>πάτου</em></span> <span class='ocrx_word' id='word_1_298' title='bbox 966 3505 1023 3570; x_wconf 86' lang='grc' dir='ltr'><em>καλ</em></span> <span class='ocrx_word' id='word_1_299' title='bbox 1046 3500 1109 3590; x_wconf 82' lang='grc' dir='ltr'><em>αδι</em></span> <span class='ocrx_word' id='word_1_300' title='bbox 1111 3503 1154 3569; x_wconf 93' lang='grc' dir='ltr'><em>λα</em></span> <span class='ocrx_word' id='word_1_301' title='bbox 1170 3513 1245 3581; x_wconf 90' lang='grc' dir='ltr'><em>τοῖς</em></span> 
     </span>
     <span class='ocr_line' id='line_1_33' title="bbox 203 3600 1245 3695; baseline -0.003 -21"><span class='ocrx_word' id='word_1_302' title='bbox 203 3605 434 3687; x_wconf 60' lang='grc' dir='ltr'><em>’ἰδιώταις</em></span> <span class='ocrx_word' id='word_1_303' title='bbox 400 3633 458 3695; x_wconf 87' lang='grc' dir='ltr'><em>την</em></span> <span class='ocrx_word' id='word_1_304' title='bbox 485 3600 735 3694; x_wconf 80' lang='grc' dir='ltr'><em>ἀποφράδαὲ</em></span> <span class='ocrx_word' id='word_1_305' title='bbox 698 3606 735 3673; x_wconf 81' lang='grc' dir='ltr'><em>δὲ</em></span> <span class='ocrx_word' id='word_1_306' title='bbox 762 3603 844 3673; x_wconf 78' lang='grc' dir='ltr'><em>ούδέ</em></span> <span class='ocrx_word' id='word_1_307' title='bbox 865 3601 1092 3692; x_wconf 78' lang='grc' dir='ltr'><em>βουληθεὶς</em></span> <span class='ocrx_word' id='word_1_308' title='bbox 1070 3632 1110 3673; x_wconf 89' lang='grc' dir='ltr'><em>αν</em></span> <span class='ocrx_word' id='word_1_309' title='bbox 1133 3602 1245 3684; x_wconf 83' lang='grc' dir='ltr'><em>άλλως</em></span> 
     </span>
     <span class='ocr_line' id='line_1_34' title="bbox 157 3704 1242 3799; baseline -0.004 -21"><span class='ocrx_word' id='word_1_310' title='bbox 157 3730 190 3779; x_wconf 85' lang='grc'><em>14</em></span> <span class='ocrx_word' id='word_1_311' title='bbox 207 3710 332 3790; x_wconf 85' lang='grc' dir='ltr'><em>ε’ίποις·</em></span> <span class='ocrx_word' id='word_1_312' title='bbox 351 3710 384 3778; x_wconf 76' lang='grc' dir='ltr'><em>ἓν</em></span> <span class='ocrx_word' id='word_1_313' title='bbox 401 3709 465 3799; x_wconf 90' lang='grc' dir='ltr'><em>γδιρ</em></span> <span class='ocrx_word' id='word_1_314' title='bbox 483 3714 582 3776; x_wconf 83' lang='grc' dir='ltr'><em>τοῦτο</em></span> <span class='ocrx_word' id='word_1_315' title='bbox 600 3712 656 3776; x_wconf 90' lang='grc' dir='ltr'><em>καλ</em></span> <span class='ocrx_word' id='word_1_316' title='bbox 673 3709 774 3794; x_wconf 90' lang='grc' dir='ltr'><em>μόνον</em></span> <span class='ocrx_word' id='word_1_317' title='bbox 788 3705 944 3777; x_wconf 83' lang='grc' dir='ltr'><em>ἀπάντων</em></span> <span class='ocrx_word' id='word_1_318' title='bbox 956 3704 1112 3792; x_wconf 84' lang='grc' dir='ltr'><em>τούνομα.</em></span> <span class='ocrx_word' id='word_1_319' title='bbox 1145 3707 1242 3788; x_wconf 80' lang='grc' dir='ltr'><em>έστω,</em></span> 
     </span>
     <span class='ocr_line' id='line_1_35' title="bbox 207 3808 1241 3936; baseline -0.008 -55"><span class='ocrx_word' id='word_1_320' title='bbox 207 3819 292 3936; x_wconf 84' lang='grc' dir='ltr'><em>φησί</em></span> <span class='ocrx_word' id='word_1_321' title='bbox 303 3832 368 3892; x_wconf 90' lang='grc' dir='ltr'><em>τις·</em></span> <span class='ocrx_word' id='word_1_322' title='bbox 389 3810 474 3880; x_wconf 88' lang='grc' dir='ltr'><em>ἀλλά</em></span> <span class='ocrx_word' id='word_1_323' title='bbox 486 3815 542 3879; x_wconf 83' lang='grc' dir='ltr'><em>καί</em></span> <span class='ocrx_word' id='word_1_324' title='bbox 555 3817 622 3879; x_wconf 88' lang='grc' dir='ltr'><em>τών</em></span> <span class='ocrx_word' id='word_1_325' title='bbox 635 3808 821 3881; x_wconf 77' lang='grc' dir='ltr'><em>παλαιών’</em></span> <span class='ocrx_word' id='word_1_326' title='bbox 804 3811 974 3897; x_wconf 91' lang='grc' dir='ltr'><em>ονομάτων</em></span> <span class='ocrx_word' id='word_1_327' title='bbox 987 3838 1030 3878; x_wconf 88' lang='grc' dir='ltr'><em>τα</em></span> <span class='ocrx_word' id='word_1_328' title='bbox 1016 3809 1103 3896; x_wconf 85' lang='grc' dir='ltr'><em>μέν</em></span> <span class='ocrx_word' id='word_1_329' title='bbox 1116 3813 1241 3889; x_wconf 81' lang='grc' dir='ltr'><em>λεκτέα,</em></span> 
     </span>
     <span class='ocr_line' id='line_1_36' title="bbox 205 3908 1243 4040; baseline -0.005 -57"><span class='ocrx_word' id='word_1_330' title='bbox 205 3941 249 3983; x_wconf 90' lang='grc' dir='ltr'><em>τα</em></span> <span class='ocrx_word' id='word_1_331' title='bbox 268 3912 298 3983; x_wconf 96' lang='grc' dir='ltr'><em>δ</em></span> <span class='ocrx_word' id='word_1_332' title='bbox 315 3941 352 3982; x_wconf 90' lang='grc' dir='ltr'><em>ου</em></span> <span class='ocrx_word' id='word_1_333' title='bbox 358 3967 368 3997; x_wconf 94' lang='grc'><em>,</em></span> <span class='ocrx_word' id='word_1_334' title='bbox 394 3913 506 4015; x_wconf 81' lang='grc' dir='ltr'><em>ὁπόσα</em></span> <span class='ocrx_word' id='word_1_335' title='bbox 525 3912 633 3983; x_wconf 78' lang='grc' dir='ltr'><em>αὐτῶν</em></span> <span class='ocrx_word' id='word_1_336' title='bbox 650 3915 695 4005; x_wconf 80' lang='grc' dir='ltr'><em>μὴ</em></span> <span class='ocrx_word' id='word_1_337' title='bbox 715 3915 843 4040; x_wconf 83' lang='grc' dir='ltr'><em>συνήθη</em></span> <span class='ocrx_word' id='word_1_338' title='bbox 861 3928 933 3994; x_wconf 92' lang='grc' dir='ltr'><em>τοῖς</em></span> <span class='ocrx_word' id='word_1_339' title='bbox 955 3916 1108 3994; x_wconf 87' lang='grc' dir='ltr'><em>πολλοῖς,</em></span> <span class='ocrx_word' id='word_1_340' title='bbox 1133 3908 1180 3991; x_wconf 86' lang='lat'><em>55</em></span> <span class='ocrx_word' id='word_1_341' title='bbox 1196 3908 1243 3997; x_wconf 84' lang='grc' dir='ltr'><em>μὴ</em></span> 
     </span>
    </p>

    <p class='ocr_par' dir='ltr' id='par_1_8' title="bbox 150 4003 1244 4129">
     <span class='ocr_line' id='line_1_37' title="bbox 150 4003 1244 4129; baseline -0.003 -46"><span class='ocrx_word' id='word_1_342' title='bbox 150 4056 155 4059; x_wconf 50' lang='lat'><em>2</em></span> <span class='ocrx_word' id='word_1_343' title='bbox 205 4018 423 4107; x_wconf 88' lang='grc' dir='ltr'><em>ταράττοιμεν</em></span> <span class='ocrx_word' id='word_1_344' title='bbox 444 4003 505 4097; x_wconf 79' lang='grc' dir='ltr'><em>τὰς</em></span> <span class='ocrx_word' id='word_1_345' title='bbox 527 4015 629 4129; x_wconf 84' lang='grc' dir='ltr'><em>ἀκοὰς</em></span> <span class='ocrx_word' id='word_1_346' title='bbox 650 4022 706 4088; x_wconf 82' lang='grc' dir='ltr'><em>καὶ</em></span> <span class='ocrx_word' id='word_1_347' title='bbox 730 4019 967 4109; x_wconf 83' lang='grc' dir='ltr'><em>τιτρώσκοιμεν</em></span> <span class='ocrx_word' id='word_1_348' title='bbox 989 4023 1055 4087; x_wconf 88' lang='grc' dir='ltr'><em>τών</em></span> <span class='ocrx_word' id='word_1_349' title='bbox 1079 4014 1244 4085; x_wconf 77' lang='grc' dir='ltr'><em>συνόντων</em></span> 
     </span>
    </p>
   </div>
   <div class='ocr_carea' id='block_1_6' title="bbox 0 0 1378 4572">
    <p class='ocr_par' dir='ltr' id='par_1_9' title="bbox 0 0 1378 4572">
     <span class='ocr_line' id='line_1_38' title="bbox 0 0 1378 4572; baseline 0 2"><span class='ocrx_word' id='word_1_350' title='bbox 0 0 1378 4572; x_wconf 95' lang='lat' dir='ltr'><em> </em></span> 
     </span>
    </p>
   </div>
  </div>
 </body>
</html>
