2748 4572
594 197 850 254 ΔΟΥΚΙΑΝΟΥ

377 432 681 507 ’ΠΡΟΛΑΛΙΑ
709 437 741 505 O
769 434 1039 503 ΗΡΑΚΛΗΣ.

169 635 185 686 1
260 611 322 680 Τὸν
339 608 496 702 Ἡρακλέα
520 610 552 677 σί
573 611 692 677 Κελτοὶ
708 604 835 695 ’ίλγμιον
857 604 1057 692 ὀνομάζουσι
1080 615 1175 699 φωνῇ
1197 618 1240 701 τῇ

101 738 106 746 ·
204 712 388 803 ἐπιχωρίῳ,
415 711 454 781 τὸ
481 714 518 780 δὲ
544 709 632 791 είδος
653 718 713 779 τοῦ
734 717 819 779 θεοῦ
843 709 930 779 πάνυ
955 707 1132 780 ἀλλόκοτον
1158 714 1241 801 γρά-
1368 766 1369 773 ,

204 842 319 909 φουσι.
350 821 453 905 γέρων
471 815 559 883 ἐστὶν
570 812 691 894 ἀὐτοῖς
709 813 742 893 ἒς
759 811 798 881 τὸ
817 812 961 898 ἐ’σχατον,
980 809 1238 902 ἀναφαλαντίας,

202 920 324 1000 πολιός
342 917 487 1008 ἀκριβῶς
505 914 582 986 ὅσαι
600 920 718 984 λοιπαὶ
735 922 802 983 τῶν
818 923 947 1004 τριχῶν,
968 914 1069 1007 ῥυσὸς
1079 914 1118 986 τδ
1134 918 1241 1005 δέρμα

202 1027 259 1091 καὶ
278 1025 528 1107 διακεκαυμένος
546 1020 579 1101 ἐς
596 1018 635 1087 τὸ
652 1020 854 1104 μελάντατον
872 1017 941 1087 οίοί
957 1019 1041 1088 εἰσιν
1060 1020 1093 1086 ολ
1109 1023 1242 1090 θαλατ-

130 1192 135 1199 ,
203 1130 336 1215 τοαργολ
354 1131 515 1213 γέροντες·
533 1126 657 1209 μᾶλλον
675 1123 713 1190 δὲ
726 1121 871 1208 Χάρωνα
887 1119 910 1210 ἢ
918 1119 1066 1191 Ἰαπετόν
1082 1149 1156 1191 τινα
1172 1129 1241 1192 τῶν

203 1224 457 1317 ὑποταρταρίων
482 1230 537 1294 καὶ
563 1226 675 1294 πάντα
700 1226 825 1310 μάλλον
855 1221 1056 1314 ἢἩρακλέα
1087 1222 1172 1294 εἶναι
1198 1222 1258 1293 ἀν·

204 1330 379 1409 εἰκάσειας.
422 1328 505 1396 ἀλλά
527 1333 583 1396 καὶ
604 1334 756 1408 τοιοῦτος
778 1324 825 1395 ῶν
846 1327 912 1411 ἔχει
931 1323 1022 1412 ὅμως
1042 1326 1101 1417 τήν
1123 1327 1242 1418 σκευήν

201 1431 260 1521 τῆν
274 1430 480 1522 Ἡρακλέους·
507 1436 564 1499 καί
585 1430 647 1522 γάρ
668 1429 728 1519 τῆν
750 1431 917 1519 διφθέραν
940 1428 1078 1518 ένῆπται
1098 1429 1157 1521 τῆν
1177 1438 1241 1499 τοῦ

201 1537 334 1614 λέοντος
352 1535 463 1603 καὶτὸ
483 1533 668 1624 ρόπαλον”
649 1559 715 1617 εχει
734 1532 766 1601 έν
783 1560 823 1622 τῃ
809 1535 935 1623 δεξιῆι
952 1537 1009 1600 καλ
1007 1533 1079 1609 τόν
1091 1531 1242 1623 γωρυτὸν

201 1639 426 1725 παρήρτηται,
450 1635 554 1703 καὶ
522 1663 561 1703 το
582 1638 678 1717 τόξον
701 1633 949 1721 ἐντεταμένονί
930 1663 951 1723 η
975 1633 1147 1763 ἀριστερὰ
1153 1661 1242 1726 προ-

167 1760 184 1811 2
203 1741 356 1820 δείκνυσι,
375 1743 430 1807 καλ
449 1734 527 1818 όλος
540 1737 694 1826 Ἡρακλῆς
713 1736 785 1805 ἐστι
800 1738 906 1805 ταῦτά
923 1763 969 1825 γε.
998 1736 1089 1828 η’ίμην
1108 1730 1164 1808 σόν
1183 1736 1239 1828 ἀφ’

71 1910 74 1913 ,
199 1836 296 1965 άβρει
313 1848 378 1908 τῶν
393 1838 564 1930 Ἑλληνίων
582 1848 674 1908 θεῶν
691 1847 829 1908 τοιαῦτα
848 1854 1052 1937 παρανομεῖν
1065 1868 1142 1922 τους
1155 1846 1243 1910 Κελ-

198 1943 279 2023 τοὺς
303 1944 336 2023 ἒς
357 1943 415 2031 τήν
436 1943 569 2033 μορφήν
591 1944 649 2033 τῆν
668 1942 874 2033 Ἡρακλέους,
899 1941 1121 2029 ἀμυνομένους
1139 1941 1242 2013 αότὸν

200 2053 241 2136 τῆ
259 2054 380 2136 γραφῇ,
401 2042 455 2114 ὅτι
471 2045 530 2134 τῆν
545 2048 656 2135 χῶραν
674 2048 757 2117 ποτέ
772 2043 879 2114 αάτῶν
893 2046 1023 2134 ἐπῆλθε
1037 2049 1127 2115 λείαν
1142 2047 1242 2115 έλαύ-

1286 2033 1295 2047 ’
1370 2012 1373 2121 λ

200 2175 279 2229 νων,
310 2147 413 2218 ὁπότε
440 2148 500 2229 τδις
520 2150 688 2239 Γηρυόνου
717 2145 836 2236 ἀγέλας
862 2150 965 2235 ζητῶν
986 2150 1169 2238 κατέδραμε
1193 2147 1242 2217 τδι
1371 2238 1372 2241 ¹

166 2251 310 2322 επολλδι
331 2259 398 2320 τῶν
422 2252 584 2339 ἑσπερίων
611 2259 722 2339 γενῶν.
764 2257 874 2318 καίτοι
899 2250 937 2319 τό
964 2253 1241 2338 παραδοξότατον

201 2352 337 2421 οόδέπω
355 2355 436 2442 έφην
453 2362 512 2442 τῆς
530 2345 668 2432 εἰκόνος·
689 2351 707 2420 ό
726 2352 787 2442 γάρ
806 2351 846 2441 δή
864 2360 968 2441 γέρων
981 2350 1137 2444 Ἡρακλῆς
1153 2353 1242 2423 έκεῖ-

196 2482 256 2535 νος
279 2454 470 2545 ἀνθρώπων
492 2456 654 2540 πάμπολύ
678 2484 712 2524 τι
733 2458 867 2544 πλῆθος
890 2455 975 2524 ἕλκει
998 2455 1033 2524 έκ
1053 2462 1118 2525 τῶν
1140 2454 1240 2525 ὤτων

202 2554 353 2638 ἅπαντας
380 2560 586 2642 δεδεμένους,
624 2558 729 2644 δεσμὰ
757 2557 788 2625 δ’
810 2559 893 2627 είσίν
921 2559 954 2626 ολ
981 2562 1090 2649 σειραὶ
1115 2561 1241 2630 λεπταὶ

197 2667 322 2748 χρυσοῦ
349 2665 405 2728 καί
426 2658 581 2748 ἠλέκτρου
605 2663 830 2749 εἰργασμέναι,
859 2657 975 2751 όρμσις
998 2661 1139 2731 ἐοικυῖαι
1162 2675 1240 2743 τοῖς

198 2765 396 2843 καλλίστοις.
432 2766 488 2830 καλ
506 2759 597 2851 ὅμως
615 2762 673 2853 ἀφ’
690 2760 795 2844 οὕτως
813 2761 966 2833 ἀσθενῶν
984 2760 1142 2852 ἀγόμενοι
1158 2763 1236 2834 οάτε

200 2866 348 2954 δρασμὸν
365 2867 576 2951 βουλεύουσι,
602 2868 784 2962 δυνάμενοι,
799 2863 839 2934 ἀν
861 2864 1024 2957 εὐμαρῶς,
1049 2863 1126 2936 οῦτε
1148 2862 1237 2949 ὅλως

199 2965 435 3036 ἀντιτείνουσιν
447 2966 469 3058 ῆ
482 2983 555 3050 τοῖς
568 2974 670 3039 ποσὶν
688 2968 921 3058 ἀντερείδουσι,
936 2967 1022 3059 πρὸς
1035 2968 1074 3039 τδ
1089 2969 1237 3039 ἔναντίσν

195 3076 257 3157 τῆς
275 3067 403 3160 ἀγωγῆς
421 3071 678 3154 ἐξυπτιάζοντες,
700 3069 784 3139 ἀλλδι
801 3074 941 3161 φαιδροὶ
958 3072 1096 3141 ἕπονται
1107 3075 1164 3141 καὶ
1179 3063 1239 3162 γεὲ

197 3174 341 3262 γηθότες
353 3178 409 3242 καί
421 3174 478 3243 τὸν
491 3172 613 3261 ἀγοντα
628 3175 847 3257 ἐπαινοῦντες,
868 3174 1076 3264 ἐπειγόμενοι
1088 3170 1237 3257 άπαντες

197 3279 252 3343 καί
270 3284 318 3364 τῶ
332 3278 476 3366 φθάνειν
491 3277 618 3358 ἐθέλειν
632 3276 690 3345 τὸν
704 3276 826 3363 δεσμὸν
841 3277 1069 3362 ἐπιχαλῶντες,
1089 3277 1236 3359 ἐοικότες

199 3375 440 3463 ἀχθεσομένοις
459 3381 489 3448 εἰ
506 3381 721 3470 λυθήσονται.
758 3380 778 3447 δ
802 3381 838 3448 δέ
855 3382 990 3450 πάντων
1012 3378 1235 3450 ἀτοπώτατον

189 3478 283 3549 ἐἶναί
303 3508 363 3566 μοι
385 3481 590 3565 έδοξεν,·οόκ
612 3480 739 3570 ὀκνήσω
763 3483 869 3552 εἰπεῖν
891 3487 946 3551 καὶ
967 3491 1082 3553 τοῦτο·
1110 3481 1148 3552 οά
1169 3483 1234 3571 γὰρ

197 3583 279 3668 ἔχων
302 3582 320 3651 δ
345 3586 519 3675 ζωγράφος
542 3582 624 3653 όθεν
651 3583 771 3674 ἐξάψει
791 3583 853 3667 τὰς
878 3593 943 3655 τῶν
967 3588 1096 3672 δεσμῶν
1119 3583 1232 3676 ἀρχάς,

197 3683 257 3755 άτε
283 3695 342 3775 τῆς
369 3689 479 3769 δεξιάς
500 3688 559 3771 μὲν
580 3683 642 3775 ήδη
664 3687 704 3755 τὸ
732 3690 893 3780 ῥόπαλον,
920 3695 980 3778 τῆς
1005 3691 1103 3768 λαιᾶς
1129 3688 1166 3755 δέ
1192 3686 1232 3755 τὸ

195 3790 293 3871 τόξον
312 3791 456 3877 ἒχοόσης,
475 3790 647 3879 τρυπήσας
659 3798 719 3859 τοῦ
737 3798 823 3860 θεοῦ
840 3789 898 3883 τῆν
914 3795 1063 3880 γλῶτταν
1081 3786 1182 3881 ἀκραν
1196 3789 1235 3871 ἐξ

197 3892 318 3979 ἐκείνης
337 3893 526 3975 ἑλκομένους
550 3890 670 3974 αὐτοὺς
689 3895 839 3986 έποίησε,
863 3897 918 3962 καλ
941 3894 1172 3982 ἀπέστραπται
1194 3892 1234 3961 δὲ

199 3994 233 4075 ές
250 3993 327 4075 τοὺς
345 3991 525 4082 ἀγομένους
540 3998 690 4082 μειδιῶν.
