<?xml version="1.0" encoding="UTF-8"?>
<!DOCTYPE html PUBLIC "-//W3C//DTD XHTML 1.0 Transitional//EN"
    "http://www.w3.org/TR/xhtml1/DTD/xhtml1-transitional.dtd">
<html xmlns="http://www.w3.org/1999/xhtml" xml:lang="en" lang="en">
 <head>
  <title>
</title>
<meta http-equiv="Content-Type" content="text/html;charset=utf-8" />
  <meta name='ocr-system' content='tesseract 3.04.00' />
  <meta name='ocr-capabilities' content='ocr_page ocr_carea ocr_par ocr_line ocrx_word'/>
</head>
<body>
  <div class='ocr_page' id='page_1' title='image "./lucianisamosate00dindgoog_0279.png"; bbox 0 0 2792 4580; ppageno 0'>
   <div class='ocr_carea' id='block_1_1' title="bbox 207 172 1252 410">
    <p class='ocr_par' dir='ltr' id='par_1_1' title="bbox 207 172 1252 410">
     <span class='ocr_line' id='line_1_1' title="bbox 217 172 1236 285; baseline -0.01 -10"><span class='ocrx_word' id='word_1_1' title='bbox 217 195 305 285; x_wconf 57' lang='grc' dir='ltr'><strong><em>26ηῚ</em></strong></span> <span class='ocrx_word' id='word_1_2' title='bbox 436 236 459 249; x_wconf 86' lang='lat'><strong><em>··</em></strong></span> <span class='ocrx_word' id='word_1_3' title='bbox 492 172 496 177; x_wconf 40' lang='grc'>’</span> <span class='ocrx_word' id='word_1_4' title='bbox 604 213 861 275; x_wconf 74' lang='grc' dir='ltr'><strong><em>Λουκιεαον</em></strong></span> <span class='ocrx_word' id='word_1_5' title='bbox 1233 261 1236 265; x_wconf 81' lang='grc'><strong><em>,</em></strong></span> 
     </span>
     <span class='ocr_line' id='line_1_2' title="bbox 207 314 1252 410; baseline -0.012 -8"><span class='ocrx_word' id='word_1_6' title='bbox 207 320 371 410; x_wconf 63' lang='grc' dir='ltr'><strong><em>Ἑλληίῐς,</em></strong></span> <span class='ocrx_word' id='word_1_7' title='bbox 396 317 480 387; x_wconf 64' lang='grc' dir='ltr'><strong><em>ἀλλὰ</em></strong></span> <span class='ocrx_word' id='word_1_8' title='bbox 501 321 558 386; x_wconf 76' lang='grc' dir='ltr'><strong><em>καὶ</em></strong></span> <span class='ocrx_word' id='word_1_9' title='bbox 577 315 937 406; x_wconf 79' lang='grc' dir='ltr'><strong><em>βοίρβαροι,ὀύδαμώς</em></strong></span> <span class='ocrx_word' id='word_1_10' title='bbox 960 314 1050 399; x_wconf 71' lang='grc' dir='ltr'><strong><em>ἄξιοι</em></strong></span> <span class='ocrx_word' id='word_1_11' title='bbox 1072 314 1164 399; x_wconf 73' lang='grc' dir='ltr'><strong><em>ὄντες</em></strong></span> <span class='ocrx_word' id='word_1_12' title='bbox 1180 344 1252 389; x_wconf 44' lang='grc' dir='ltr'><strong><em>και,</em></strong></span> 
     </span>
    </p>
   </div>
   <div class='ocr_carea' id='block_1_2' title="bbox 134 416 1282 2252">
    <p class='ocr_par' dir='ltr' id='par_1_2' title="bbox 134 416 1282 2252">
     <span class='ocr_line' id='line_1_3' title="bbox 214 416 1250 510; baseline 0.001 -18"><span class='ocrx_word' id='word_1_13' title='bbox 214 437 329 493; x_wconf 90' lang='grc' dir='ltr'><strong><em>νωνεῖν</em></strong></span> <span class='ocrx_word' id='word_1_14' title='bbox 342 420 420 510; x_wconf 86' lang='grc' dir='ltr'><strong><em>ῆμῖν</em></strong></span> <span class='ocrx_word' id='word_1_15' title='bbox 432 428 491 509; x_wconf 84' lang='grc' dir='ltr'><strong><em>τῆς</em></strong></span> <span class='ocrx_word' id='word_1_16' title='bbox 504 423 685 503; x_wconf 74' lang='grc' dir='ltr'><strong><em>πολιτείας,</em></strong></span> <span class='ocrx_word' id='word_1_17' title='bbox 700 424 986 508; x_wconf 67' lang='grc' dir='ltr'><strong><em>παρεγγραφέντες</em></strong></span> <span class='ocrx_word' id='word_1_18' title='bbox 1000 416 1059 487; x_wconf 77' lang='grc' dir='ltr'><strong><em>ου’,κ</em></strong></span> <span class='ocrx_word' id='word_1_19' title='bbox 1072 417 1139 491; x_wconf 76' lang='grc' dir='ltr'><strong><em>οἶδ’</em></strong></span> <span class='ocrx_word' id='word_1_20' title='bbox 1155 417 1250 503; x_wconf 81' lang='grc' dir='ltr'><strong><em>ὅπως</em></strong></span> 
     </span>
     <span class='ocr_line' id='line_1_4' title="bbox 213 517 1253 611; baseline -0.003 -17"><span class='ocrx_word' id='word_1_21' title='bbox 213 529 272 603; x_wconf 81' lang='grc' dir='ltr'><strong><em>καί</em></strong></span> <span class='ocrx_word' id='word_1_22' title='bbox 289 525 539 605; x_wconf 54' lang='grc' dir='ltr'><strong><em>θεολςδόξαντες</em></strong></span> <span class='ocrx_word' id='word_1_23' title='bbox 558 521 789 610; x_wconf 69' lang='grc' dir='ltr'><strong><em>ἐμπεπλήκασι</em></strong></span> <span class='ocrx_word' id='word_1_24' title='bbox 804 523 863 608; x_wconf 75' lang='grc' dir='ltr'><strong><em>μὲν</em></strong></span> <span class='ocrx_word' id='word_1_25' title='bbox 881 520 937 590; x_wconf 87' lang='grc' dir='ltr'><strong><em>τὸν</em></strong></span> <span class='ocrx_word' id='word_1_26' title='bbox 956 517 1104 611; x_wconf 77' lang='grc' dir='ltr'><strong><em>οὐρανὸν,</em></strong></span> <span class='ocrx_word' id='word_1_27' title='bbox 1129 519 1175 602; x_wconf 86' lang='grc' dir='ltr'><strong><em>ώς</em></strong></span> <span class='ocrx_word' id='word_1_28' title='bbox 1191 549 1253 609; x_wconf 90' lang='grc' dir='ltr'><strong><em>με-</em></strong></span> 
     </span>
     <span class='ocr_line' id='line_1_5' title="bbox 214 622 1251 713; baseline -0.003 -17"><span class='ocrx_word' id='word_1_29' title='bbox 214 627 295 699; x_wconf 81' lang='grc' dir='ltr'><strong><em>στὸν</em></strong></span> <span class='ocrx_word' id='word_1_30' title='bbox 312 624 454 699; x_wconf 77' lang='grc' dir='ltr'><strong><em>εἶναιτὸ</em></strong></span> <span class='ocrx_word' id='word_1_31' title='bbox 479 625 667 710; x_wconf 88' lang='grc' dir='ltr'><strong><em>συμπόσιον</em></strong></span> <span class='ocrx_word' id='word_1_32' title='bbox 690 622 787 710; x_wconf 76' lang='grc' dir='ltr'><strong><em>ὄχλου</em></strong></span> <span class='ocrx_word' id='word_1_33' title='bbox 808 624 1035 713; x_wconf 82' lang='grc' dir='ltr'><strong><em>ταραχώδους,</em></strong></span> <span class='ocrx_word' id='word_1_34' title='bbox 1058 628 1251 713; x_wconf 86' lang='grc' dir='ltr'><strong><em>πολυγλώτ-</em></strong></span> 
     </span>
     <span class='ocr_line' id='line_1_6' title="bbox 213 718 1249 818; baseline -0.003 -20"><span class='ocrx_word' id='word_1_35' title='bbox 213 757 281 798; x_wconf 83' lang='grc' dir='ltr'><strong><em>των</em></strong></span> <span class='ocrx_word' id='word_1_36' title='bbox 303 736 401 802; x_wconf 84' lang='grc' dir='ltr'><strong><em>τινών</em></strong></span> <span class='ocrx_word' id='word_1_37' title='bbox 422 731 479 796; x_wconf 79' lang='grc' dir='ltr'><strong><em>καὶ</em></strong></span> <span class='ocrx_word' id='word_1_38' title='bbox 504 729 690 815; x_wconf 82' lang='grc' dir='ltr'><strong><em>συγκλύδων</em></strong></span> <span class='ocrx_word' id='word_1_39' title='bbox 717 724 922 818; x_wconf 80' lang='grc' dir='ltr'><strong><em>ἀνθρώπων,</em></strong></span> <span class='ocrx_word' id='word_1_40' title='bbox 944 718 1144 803; x_wconf 66' lang='grc' dir='ltr'><strong><em>Δἐπιλέλοιπεν</em></strong></span> <span class='ocrx_word' id='word_1_41' title='bbox 1167 729 1204 796; x_wconf 85' lang='grc' dir='ltr'><strong><em>δέ</em></strong></span> <span class='ocrx_word' id='word_1_42' title='bbox 1229 725 1249 818; x_wconf 89' lang='lat'><strong><em>6</em></strong></span> 
     </span>
     <span class='ocr_line' id='line_1_7' title="bbox 134 825 1250 921; baseline -0.002 -20"><span class='ocrx_word' id='word_1_43' title='bbox 134 868 138 872; x_wconf 54' lang='lat'>&gt;</span> <span class='ocrx_word' id='word_1_44' title='bbox 162 837 166 845; x_wconf 84' lang='lat'><em>&#39;</em></span> <span class='ocrx_word' id='word_1_45' title='bbox 213 829 383 921; x_wconf 79' lang='grc' dir='ltr'><strong><em>ἀμβροσία</em></strong></span> <span class='ocrx_word' id='word_1_46' title='bbox 401 829 511 898; x_wconf 79' lang='grc' dir='ltr'><strong><em>καὶτὸ</em></strong></span> <span class='ocrx_word' id='word_1_47' title='bbox 530 836 654 921; x_wconf 79' lang='grc' dir='ltr'><strong><em>νέκταρ,</em></strong></span> <span class='ocrx_word' id='word_1_48' title='bbox 675 825 761 901; x_wconf 84' lang='grc' dir='ltr'><strong><em>ώστε</em></strong></span> <span class='ocrx_word' id='word_1_49' title='bbox 773 835 857 915; x_wconf 86' lang='grc' dir='ltr'><strong><em>μνᾶς</em></strong></span> <span class='ocrx_word' id='word_1_50' title='bbox 868 825 930 918; x_wconf 88' lang='grc' dir='ltr'><strong><em>ἠδη</em></strong></span> <span class='ocrx_word' id='word_1_51' title='bbox 944 827 1001 917; x_wconf 82' lang='grc' dir='ltr'><strong><em>τῆν</em></strong></span> <span class='ocrx_word' id='word_1_52' title='bbox 1014 830 1154 918; x_wconf 84' lang='grc' dir='ltr'><strong><em>κοτύλην.</em></strong></span> <span class='ocrx_word' id='word_1_53' title='bbox 1165 828 1250 901; x_wconf 83' lang='grc' dir='ltr'><strong><em>εἶναι</em></strong></span> 
     </span>
     <span class='ocr_line' id='line_1_8' title="bbox 214 929 1250 1022; baseline -0.002 -21"><span class='ocrx_word' id='word_1_54' title='bbox 214 933 326 1002; x_wconf 83' lang='grc' dir='ltr'><strong><em>διὰτὸ</em></strong></span> <span class='ocrx_word' id='word_1_55' title='bbox 339 936 473 1020; x_wconf 89' lang='grc' dir='ltr'><strong><em>πλῆθος</em></strong></span> <span class='ocrx_word' id='word_1_56' title='bbox 486 939 552 1001; x_wconf 86' lang='grc' dir='ltr'><strong><em>τών</em></strong></span> <span class='ocrx_word' id='word_1_57' title='bbox 566 934 738 1016; x_wconf 84' lang='grc' dir='ltr'><strong><em>πινόντων,</em></strong></span> <span class='ocrx_word' id='word_1_58' title='bbox 755 933 787 1000; x_wconf 77' lang='grc' dir='ltr'><strong><em>οἱ</em></strong></span> <span class='ocrx_word' id='word_1_59' title='bbox 802 929 919 1001; x_wconf 78' lang='grc' dir='ltr'><strong><em>δδύπδ</em></strong></span> <span class='ocrx_word' id='word_1_60' title='bbox 933 929 1120 1013; x_wconf 73' lang='grc' dir='ltr'><strong><em>αὐθαδείας</em></strong></span> <span class='ocrx_word' id='word_1_61' title='bbox 1132 958 1250 1022; x_wconf 90' lang='grc' dir='ltr'><strong><em>παρω-</em></strong></span> 
     </span>
     <span class='ocr_line' id='line_1_9' title="bbox 216 1031 1249 1123; baseline -0.002 -20"><span class='ocrx_word' id='word_1_62' title='bbox 216 1038 354 1120; x_wconf 78' lang='grc' dir='ltr'><strong><em>σάμενοι</em></strong></span> <span class='ocrx_word' id='word_1_63' title='bbox 370 1034 448 1116; x_wconf 80' lang='grc' dir='ltr'><strong><em>τούς</em></strong></span> <span class='ocrx_word' id='word_1_64' title='bbox 466 1037 631 1115; x_wconf 84' lang='grc' dir='ltr'><strong><em>παλαιούς</em></strong></span> <span class='ocrx_word' id='word_1_65' title='bbox 652 1037 762 1104; x_wconf 81' lang='grc' dir='ltr'><strong><em>τεκαὶ</em></strong></span> <span class='ocrx_word' id='word_1_66' title='bbox 785 1031 925 1123; x_wconf 79' lang='grc' dir='ltr'><strong><em>ἀληθεῖς</em></strong></span> <span class='ocrx_word' id='word_1_67' title='bbox 946 1031 1049 1113; x_wconf 81' lang='grc' dir='ltr'><strong><em>θεοὺς</em></strong></span> <span class='ocrx_word' id='word_1_68' title='bbox 1070 1036 1249 1121; x_wconf 77' lang='grc' dir='ltr'><strong><em>προεδρίας</em></strong></span> 
     </span>
     <span class='ocr_line' id='line_1_10' title="bbox 215 1135 1249 1226; baseline 0.001 -22"><span class='ocrx_word' id='word_1_69' title='bbox 215 1135 393 1225; x_wconf 81' lang='grc' dir='ltr'><strong><em>ἠξιώκασιν</em></strong></span> <span class='ocrx_word' id='word_1_70' title='bbox 416 1135 536 1218; x_wconf 79' lang='grc' dir='ltr'><strong><em>αὑτοὺς</em></strong></span> <span class='ocrx_word' id='word_1_71' title='bbox 558 1137 652 1224; x_wconf 83' lang='grc' dir='ltr'><strong><em>παρὰ</em></strong></span> <span class='ocrx_word' id='word_1_72' title='bbox 674 1137 783 1205; x_wconf 81' lang='grc' dir='ltr'><strong><em>πάντα</em></strong></span> <span class='ocrx_word' id='word_1_73' title='bbox 805 1135 848 1205; x_wconf 85' lang='grc' dir='ltr'><strong><em>τὰ</em></strong></span> <span class='ocrx_word' id='word_1_74' title='bbox 870 1136 998 1226; x_wconf 84' lang='grc' dir='ltr'><strong><em>πάτρια</em></strong></span> <span class='ocrx_word' id='word_1_75' title='bbox 1019 1140 1075 1202; x_wconf 83' lang='grc' dir='ltr'><strong><em>καὶ</em></strong></span> <span class='ocrx_word' id='word_1_76' title='bbox 1098 1135 1130 1204; x_wconf 85' lang='grc' dir='ltr'><strong><em>ἐν</em></strong></span> <span class='ocrx_word' id='word_1_77' title='bbox 1151 1142 1191 1225; x_wconf 85' lang='grc' dir='ltr'><strong><em>τῆ</em></strong></span> <span class='ocrx_word' id='word_1_78' title='bbox 1208 1143 1249 1225; x_wconf 85' lang='grc' dir='ltr'><strong><em>γῆ</em></strong></span> 
     </span>
     <span class='ocr_line' id='line_1_11' title="bbox 166 1240 1250 1331; baseline -0.005 -21"><span class='ocrx_word' id='word_1_79' title='bbox 166 1265 198 1319; x_wconf 70' lang='grc' dir='ltr'><strong><em>ιι</em></strong></span> <span class='ocrx_word' id='word_1_80' title='bbox 215 1241 640 1331; x_wconf 78' lang='grc' dir='ltr'><strong><em>προτιμᾶσθαιέθέλουσι,</em></strong></span> <span class='ocrx_word' id='word_1_81' title='bbox 666 1241 818 1325; x_wconf 87' lang='grc' dir='ltr'><strong><em>δεδόχθω</em></strong></span> <span class='ocrx_word' id='word_1_82' title='bbox 836 1246 876 1330; x_wconf 84' lang='grc' dir='ltr'><strong><em>τῆ</em></strong></span> <span class='ocrx_word' id='word_1_83' title='bbox 893 1242 996 1329; x_wconf 75' lang='grc' dir='ltr'><strong><em>βουλή</em></strong></span> <span class='ocrx_word' id='word_1_84' title='bbox 1016 1243 1072 1309; x_wconf 89' lang='grc' dir='ltr'><strong><em>καὶ</em></strong></span> <span class='ocrx_word' id='word_1_85' title='bbox 1088 1246 1135 1328; x_wconf 75' lang='grc' dir='ltr'><strong><em>τηῖ</em></strong></span> <span class='ocrx_word' id='word_1_86' title='bbox 1156 1240 1250 1327; x_wconf 82' lang='grc' dir='ltr'><strong><em>δήμῳ</em></strong></span> 
     </span>
     <span class='ocr_line' id='line_1_12' title="bbox 216 1340 1282 1468; baseline -0.004 -54"><span class='ocrx_word' id='word_1_87' title='bbox 216 1347 407 1468; x_wconf 73' lang='grc' dir='ltr'><strong><em>συλλεγῆναι</em></strong></span> <span class='ocrx_word' id='word_1_88' title='bbox 420 1346 478 1428; x_wconf 84' lang='grc' dir='ltr'><strong><em>μέν</em></strong></span> <span class='ocrx_word' id='word_1_89' title='bbox 498 1343 666 1431; x_wconf 72' lang='grc' dir='ltr'><strong><em>ἐκκλησίαν</em></strong></span> <span class='ocrx_word' id='word_1_90' title='bbox 681 1343 714 1411; x_wconf 86' lang='grc' dir='ltr'><strong><em>ἐν</em></strong></span> <span class='ocrx_word' id='word_1_91' title='bbox 726 1349 774 1431; x_wconf 75' lang='grc' dir='ltr'><strong><em>τῷ</em></strong></span> <span class='ocrx_word' id='word_1_92' title='bbox 785 1340 933 1430; x_wconf 77' lang='grc' dir='ltr'><strong><em>Ὀλύμπῳ</em></strong></span> <span class='ocrx_word' id='word_1_93' title='bbox 952 1345 1031 1430; x_wconf 84' lang='grc' dir='ltr'><strong><em>περὶ</em></strong></span> <span class='ocrx_word' id='word_1_94' title='bbox 1042 1340 1172 1432; x_wconf 80' lang='grc' dir='ltr'><strong><em>τροπὰς</em></strong></span> <span class='ocrx_word' id='word_1_95' title='bbox 1181 1369 1251 1426; x_wconf 85' lang='grc' dir='ltr'><strong><em>χει-</em></strong></span> <span class='ocrx_word' id='word_1_96' title='bbox 1279 1342 1282 1352; x_wconf 81' lang='lat'>&#39;</span> 
     </span>
     <span class='ocr_line' id='line_1_13' title="bbox 214 1443 1249 1545; baseline -0.002 -31"><span class='ocrx_word' id='word_1_97' title='bbox 214 1445 362 1545; x_wconf 86' lang='grc' dir='ltr'><strong><em>μερινὰς,</em></strong></span> <span class='ocrx_word' id='word_1_98' title='bbox 391 1445 531 1515; x_wconf 77' lang='grc' dir='ltr'><strong><em>ἑλέσθαι</em></strong></span> <span class='ocrx_word' id='word_1_99' title='bbox 552 1448 589 1514; x_wconf 87' lang='grc' dir='ltr'><strong><em>δέ</em></strong></span> <span class='ocrx_word' id='word_1_100' title='bbox 612 1446 839 1533; x_wconf 74' lang='grc' dir='ltr'><strong><em>ἐπιγνώμονας</em></strong></span> <span class='ocrx_word' id='word_1_101' title='bbox 860 1448 1006 1525; x_wconf 84' lang='grc' dir='ltr'><strong><em>τελείους</em></strong></span> <span class='ocrx_word' id='word_1_102' title='bbox 1027 1443 1168 1525; x_wconf 53' lang='grc' dir='ltr'><strong><em>θεοὺς(</em></strong></span> <span class='ocrx_word' id='word_1_103' title='bbox 1152 1444 1249 1526; x_wconf 86' lang='grc' dir='ltr'><strong><em>επτδι,</em></strong></span> 
     </span>
     <span class='ocr_line' id='line_1_14' title="bbox 213 1546 1251 1638; baseline -0.003 -22"><span class='ocrx_word' id='word_1_104' title='bbox 213 1563 303 1638; x_wconf 83' lang='grc' dir='ltr'><strong><em>τρεῖς</em></strong></span> <span class='ocrx_word' id='word_1_105' title='bbox 319 1550 382 1634; x_wconf 84' lang='grc' dir='ltr'><strong><em>μέν</em></strong></span> <span class='ocrx_word' id='word_1_106' title='bbox 405 1548 449 1615; x_wconf 84' lang='grc' dir='ltr'><strong><em>ἐκ</em></strong></span> <span class='ocrx_word' id='word_1_107' title='bbox 461 1556 520 1637; x_wconf 91' lang='grc' dir='ltr'><strong><em>τῆς</em></strong></span> <span class='ocrx_word' id='word_1_108' title='bbox 542 1552 689 1629; x_wconf 87' lang='grc' dir='ltr'><strong><em>παλαιᾶς</em></strong></span> <span class='ocrx_word' id='word_1_109' title='bbox 710 1551 832 1636; x_wconf 79' lang='grc' dir='ltr'><strong><em>βουλῆς</em></strong></span> <span class='ocrx_word' id='word_1_110' title='bbox 853 1546 977 1634; x_wconf 87' lang='grc' dir='ltr'><strong><em>τῆςέπ</em></strong></span> <span class='ocrx_word' id='word_1_111' title='bbox 978 1547 1153 1632; x_wconf 82' lang='grc' dir='ltr'><strong><em>ἐΚρόνου,</em></strong></span> <span class='ocrx_word' id='word_1_112' title='bbox 1177 1552 1251 1614; x_wconf 79' lang='grc' dir='ltr'><strong><em>τέτ-</em></strong></span> 
     </span>
     <span class='ocr_line' id='line_1_15' title="bbox 212 1646 1251 1738; baseline -0.002 -20"><span class='ocrx_word' id='word_1_113' title='bbox 212 1677 317 1738; x_wconf 87' lang='grc' dir='ltr'><strong><em>ταρας</em></strong></span> <span class='ocrx_word' id='word_1_114' title='bbox 335 1652 374 1717; x_wconf 84' lang='grc' dir='ltr'><strong><em>δὲ</em></strong></span> <span class='ocrx_word' id='word_1_115' title='bbox 389 1649 423 1716; x_wconf 87' lang='grc' dir='ltr'><strong><em>ἐκ</em></strong></span> <span class='ocrx_word' id='word_1_116' title='bbox 440 1657 507 1718; x_wconf 85' lang='grc' dir='ltr'><strong><em>τών</em></strong></span> <span class='ocrx_word' id='word_1_117' title='bbox 525 1651 661 1733; x_wconf 86' lang='grc' dir='ltr'><strong><em>δώδεκα,</em></strong></span> <span class='ocrx_word' id='word_1_118' title='bbox 680 1653 736 1717; x_wconf 81' lang='grc' dir='ltr'><strong><em>καὶ</em></strong></span> <span class='ocrx_word' id='word_1_119' title='bbox 754 1646 849 1718; x_wconf 88' lang='grc' dir='ltr'><strong><em>ἐν</em></strong></span> <span class='ocrx_word' id='word_1_120' title='bbox 809 1661 923 1728; x_wconf 86' lang='grc' dir='ltr'><strong><em>αυτοῖς</em></strong></span> <span class='ocrx_word' id='word_1_121' title='bbox 939 1647 996 1716; x_wconf 84' lang='grc' dir='ltr'><strong><em>τὸν</em></strong></span> <span class='ocrx_word' id='word_1_122' title='bbox 1014 1654 1093 1731; x_wconf 86' lang='grc' dir='ltr'><strong><em>Δία,</em></strong></span> <span class='ocrx_word' id='word_1_123' title='bbox 1112 1649 1251 1735; x_wconf 80' lang='grc' dir='ltr'><strong><em>τούτους</em></strong></span> 
     </span>
     <span class='ocr_line' id='line_1_16' title="bbox 215 1744 1250 1839; baseline 0 -21"><span class='ocrx_word' id='word_1_124' title='bbox 215 1754 253 1820; x_wconf 72' lang='grc' dir='ltr'><strong><em>δὲ</em></strong></span> <span class='ocrx_word' id='word_1_125' title='bbox 270 1751 348 1830; x_wconf 85' lang='grc' dir='ltr'><strong><em>τοὺς</em></strong></span> <span class='ocrx_word' id='word_1_126' title='bbox 367 1751 593 1839; x_wconf 74' lang='grc' dir='ltr'><strong><em>ἐπιγνώμονας</em></strong></span> <span class='ocrx_word' id='word_1_127' title='bbox 610 1749 731 1832; x_wconf 76' lang='grc' dir='ltr'><strong><em>αὐτοὺς</em></strong></span> <span class='ocrx_word' id='word_1_128' title='bbox 752 1754 811 1836; x_wconf 82' lang='grc' dir='ltr'><strong><em>μὲν</em></strong></span> <span class='ocrx_word' id='word_1_129' title='bbox 832 1744 1080 1833; x_wconf 76' lang='grc' dir='ltr'><strong><em>καθίζεσθαι’</em></strong></span> <span class='ocrx_word' id='word_1_130' title='bbox 1064 1751 1250 1835; x_wconf 89' lang='grc' dir='ltr'><strong><em>ομόσαντας</em></strong></span> 
     </span>
     <span class='ocr_line' id='line_1_17' title="bbox 169 1850 1250 1978; baseline 0 -57"><span class='ocrx_word' id='word_1_131' title='bbox 169 1850 173 1860; x_wconf 64' lang='grc'><strong>“</strong></span> <span class='ocrx_word' id='word_1_132' title='bbox 210 1853 272 1921; x_wconf 86' lang='grc' dir='ltr'><strong><em>τὸν</em></strong></span> <span class='ocrx_word' id='word_1_133' title='bbox 294 1855 432 1938; x_wconf 86' lang='grc' dir='ltr'><strong><em>νόμιμον</em></strong></span> <span class='ocrx_word' id='word_1_134' title='bbox 451 1850 557 1943; x_wconf 79' lang='grc' dir='ltr'><strong><em>ὅρκον,</em></strong></span> <span class='ocrx_word' id='word_1_135' title='bbox 580 1853 638 1978; x_wconf 84' lang='grc' dir='ltr'><strong><em>τῆν</em></strong></span> <span class='ocrx_word' id='word_1_136' title='bbox 656 1855 779 1940; x_wconf 83' lang='grc' dir='ltr'><strong><em>Στύγα,</em></strong></span> <span class='ocrx_word' id='word_1_137' title='bbox 802 1852 859 1921; x_wconf 86' lang='grc' dir='ltr'><strong><em>τὸν</em></strong></span> <span class='ocrx_word' id='word_1_138' title='bbox 874 1850 991 1942; x_wconf 80' lang='grc' dir='ltr'><strong><em>Ἑρμῆν</em></strong></span> <span class='ocrx_word' id='word_1_139' title='bbox 1013 1854 1050 1920; x_wconf 79' lang='grc' dir='ltr'><strong><em>δέ</em></strong></span> <span class='ocrx_word' id='word_1_140' title='bbox 1067 1854 1250 1942; x_wconf 78' lang='grc' dir='ltr'><strong><em>κηρύξαντα</em></strong></span> 
     </span>
     <span class='ocr_line' id='line_1_18' title="bbox 215 1951 1252 2044; baseline 0 -20"><span class='ocrx_word' id='word_1_141' title='bbox 215 1970 410 2044; x_wconf 23' lang='grc' dir='ltr'><strong><em>συναγαγεῖν,</em></strong></span> <span class='ocrx_word' id='word_1_142' title='bbox 430 1951 580 2036; x_wconf 68' lang='grc' dir='ltr'><strong><em>ἅπαντας</em></strong></span> <span class='ocrx_word' id='word_1_143' title='bbox 602 1954 678 2025; x_wconf 79' lang='grc' dir='ltr'><strong><em>ἐσσι</em></strong></span> <span class='ocrx_word' id='word_1_144' title='bbox 701 1953 833 2038; x_wconf 81' lang='grc' dir='ltr'><strong><em>ἐξιοῦσι</em></strong></span> <span class='ocrx_word' id='word_1_145' title='bbox 856 1954 1063 2023; x_wconf 87' lang='grc' dir='ltr'><strong><em>συντελεῖν</em></strong></span> <span class='ocrx_word' id='word_1_146' title='bbox 1048 1981 1082 2035; x_wconf 88' lang='grc' dir='ltr'><strong><em>ες</em></strong></span> <span class='ocrx_word' id='word_1_147' title='bbox 1099 1954 1137 2023; x_wconf 88' lang='grc' dir='ltr'><strong><em>τὸ</em></strong></span> <span class='ocrx_word' id='word_1_148' title='bbox 1157 1962 1252 2024; x_wconf 85' lang='grc' dir='ltr'><strong><em>συνέ-</em></strong></span> 
     </span>
     <span class='ocr_line' id='line_1_19' title="bbox 213 2055 1248 2149; baseline 0.001 -24"><span class='ocrx_word' id='word_1_149' title='bbox 213 2061 320 2147; x_wconf 91' lang='grc' dir='ltr'><strong><em>δριον,</em></strong></span> <span class='ocrx_word' id='word_1_150' title='bbox 348 2059 426 2139; x_wconf 78' lang='grc' dir='ltr'><strong><em>τοὺς</em></strong></span> <span class='ocrx_word' id='word_1_151' title='bbox 450 2061 485 2125; x_wconf 78' lang='grc' dir='ltr'><strong><em>δὲ</em></strong></span> <span class='ocrx_word' id='word_1_152' title='bbox 507 2055 595 2146; x_wconf 88' lang='grc' dir='ltr'><strong><em>ῆκειν</em></strong></span> <span class='ocrx_word' id='word_1_153' title='bbox 616 2059 785 2148; x_wconf 85' lang='grc' dir='ltr'><strong><em>μάρτυρας</em></strong></span> <span class='ocrx_word' id='word_1_154' title='bbox 813 2057 1035 2146; x_wconf 84' lang='grc' dir='ltr'><strong><em>ἐπαγομένους</em></strong></span> <span class='ocrx_word' id='word_1_155' title='bbox 1062 2057 1248 2149; x_wconf 82' lang='grc' dir='ltr'><strong><em>ἐνωμότρνς</em></strong></span> 
     </span>
     <span class='ocr_line' id='line_1_20' title="bbox 210 2158 1251 2252; baseline 0 -24"><span class='ocrx_word' id='word_1_156' title='bbox 210 2165 269 2229; x_wconf 90' lang='grc' dir='ltr'><strong><em>καὶ</em></strong></span> <span class='ocrx_word' id='word_1_157' title='bbox 291 2159 480 2243; x_wconf 78' lang='grc' dir='ltr'><strong><em>ἀποδείξεις</em></strong></span> <span class='ocrx_word' id='word_1_158' title='bbox 501 2167 701 2249; x_wconf 81' lang='grc' dir='ltr'><strong><em>τοῦγένους.</em></strong></span> <span class='ocrx_word' id='word_1_159' title='bbox 737 2158 934 2229; x_wconf 76' lang='grc' dir='ltr'><strong><em>τούντεῦθεν</em></strong></span> <span class='ocrx_word' id='word_1_160' title='bbox 957 2162 993 2228; x_wconf 79' lang='grc' dir='ltr'><strong><em>δὲ</em></strong></span> <span class='ocrx_word' id='word_1_161' title='bbox 1011 2162 1044 2228; x_wconf 84' lang='grc' dir='ltr'><strong><em>σί</em></strong></span> <span class='ocrx_word' id='word_1_162' title='bbox 1065 2163 1124 2246; x_wconf 79' lang='grc' dir='ltr'><strong><em>μὲν</em></strong></span> <span class='ocrx_word' id='word_1_163' title='bbox 1147 2168 1251 2252; x_wconf 91' lang='grc' dir='ltr'><strong><em>παρί-</em></strong></span> 
     </span>
    </p>
   </div>
   <div class='ocr_carea' id='block_1_3' title="bbox 212 2248 1388 2352">
    <p class='ocr_par' dir='ltr' id='par_1_3' title="bbox 212 2248 1388 2352">
     <span class='ocr_line' id='line_1_21' title="bbox 212 2248 1388 2352; baseline -0.003 -21"><span class='ocrx_word' id='word_1_164' title='bbox 212 2288 323 2332; x_wconf 89' lang='grc' dir='ltr'><strong><em>τωσαν</em></strong></span> <span class='ocrx_word' id='word_1_165' title='bbox 341 2261 417 2330; x_wconf 76' lang='grc' dir='ltr'><strong><em>καθ’</em></strong></span> <span class='ocrx_word' id='word_1_166' title='bbox 430 2264 500 2345; x_wconf 79' lang='grc' dir='ltr'><strong><em>ἐνα,</em></strong></span> <span class='ocrx_word' id='word_1_167' title='bbox 525 2264 558 2330; x_wconf 78' lang='grc' dir='ltr'><strong><em>οἱ</em></strong></span> <span class='ocrx_word' id='word_1_168' title='bbox 575 2265 611 2332; x_wconf 85' lang='grc' dir='ltr'><strong><em>δέ</em></strong></span> <span class='ocrx_word' id='word_1_169' title='bbox 635 2263 856 2350; x_wconf 87' lang='grc' dir='ltr'><strong><em>ἐπιγνώμονες</em></strong></span> <span class='ocrx_word' id='word_1_170' title='bbox 878 2261 1125 2346; x_wconf 71' lang='grc' dir='ltr'><strong><em>ἐξετύζοντες”</em></strong></span> <span class='ocrx_word' id='word_1_171' title='bbox 1103 2291 1123 2352; x_wconf 93' lang='grc' dir='ltr'><strong><em>η</em></strong></span> <span class='ocrx_word' id='word_1_172' title='bbox 1147 2262 1264 2343; x_wconf 79' lang='grc' dir='ltr'><strong><em>θεοὺς</em></strong></span> <span class='ocrx_word' id='word_1_173' title='bbox 1387 2248 1388 2291; x_wconf 59' lang='lat'>3</span> 
     </span>
    </p>
   </div>
   <div class='ocr_carea' id='block_1_4' title="bbox 84 2363 1253 4096">
    <p class='ocr_par' dir='ltr' id='par_1_4' title="bbox 84 2363 1252 4096">
     <span class='ocr_line' id='line_1_22' title="bbox 212 2363 1251 2494; baseline 0 -60"><span class='ocrx_word' id='word_1_174' title='bbox 212 2364 341 2434; x_wconf 82' lang='grc' dir='ltr'><strong><em>εἶναι</em></strong></span> <span class='ocrx_word' id='word_1_175' title='bbox 321 2373 575 2494; x_wconf 81' lang='grc' dir='ltr'><strong><em>αποφανοῦνται</em></strong></span> <span class='ocrx_word' id='word_1_176' title='bbox 601 2363 622 2488; x_wconf 84' lang='lat'><strong><em>6</em></strong></span> <span class='ocrx_word' id='word_1_177' title='bbox 648 2365 967 2452; x_wconf 74' lang='grc' dir='ltr'><strong><em>καταπίμψουσιν’</em></strong></span> <span class='ocrx_word' id='word_1_178' title='bbox 953 2369 1010 2433; x_wconf 89' lang='grc' dir='ltr'><strong><em>επὶ</em></strong></span> <span class='ocrx_word' id='word_1_179' title='bbox 1036 2363 1078 2433; x_wconf 83' lang='grc' dir='ltr'><strong><em>τὰ</em></strong></span> <span class='ocrx_word' id='word_1_180' title='bbox 1104 2371 1251 2456; x_wconf 74' lang='grc' dir='ltr'><strong><em>σφέτερα</em></strong></span> 
     </span>
     <span class='ocr_line' id='line_1_23' title="bbox 211 2465 1249 2557; baseline 0.002 -23"><span class='ocrx_word' id='word_1_181' title='bbox 211 2467 291 2556; x_wconf 89' lang='grc' dir='ltr'><strong><em>ἠρία</em></strong></span> <span class='ocrx_word' id='word_1_182' title='bbox 309 2467 440 2548; x_wconf 79' lang='grc' dir='ltr'><strong><em>καὶτὰς</em></strong></span> <span class='ocrx_word' id='word_1_183' title='bbox 458 2469 568 2556; x_wconf 87' lang='grc' dir='ltr'><strong><em>θῆκας</em></strong></span> <span class='ocrx_word' id='word_1_184' title='bbox 584 2466 644 2547; x_wconf 82' lang='grc' dir='ltr'><strong><em>τὰς</em></strong></span> <span class='ocrx_word' id='word_1_185' title='bbox 662 2468 870 2557; x_wconf 84' lang='grc' dir='ltr'><strong><em>προγονικάς.</em></strong></span> <span class='ocrx_word' id='word_1_186' title='bbox 906 2465 945 2555; x_wconf 90' lang='grc' dir='ltr'><strong><em>ἠν</em></strong></span> <span class='ocrx_word' id='word_1_187' title='bbox 964 2469 1001 2534; x_wconf 87' lang='grc' dir='ltr'><strong><em>δέ</em></strong></span> <span class='ocrx_word' id='word_1_188' title='bbox 1021 2493 1073 2548; x_wconf 86' lang='grc' dir='ltr'><strong><em>τις</em></strong></span> <span class='ocrx_word' id='word_1_189' title='bbox 1095 2465 1165 2556; x_wconf 72' lang='grc' dir='ltr'><strong><em>ἄλη]</em></strong></span> <span class='ocrx_word' id='word_1_190' title='bbox 1182 2475 1249 2536; x_wconf 84' lang='grc' dir='ltr'><strong><em>τών</em></strong></span> 
     </span>
     <span class='ocr_line' id='line_1_24' title="bbox 215 2567 1252 2667; baseline 0 -29"><span class='ocrx_word' id='word_1_191' title='bbox 215 2568 381 2667; x_wconf 77' lang='grc' dir='ltr'><strong><em>ἀδοκίμων</em></strong></span> <span class='ocrx_word' id='word_1_192' title='bbox 403 2574 458 2637; x_wconf 84' lang='grc' dir='ltr'><strong><em>καί</em></strong></span> <span class='ocrx_word' id='word_1_193' title='bbox 481 2567 614 2651; x_wconf 64' lang='grc' dir='ltr'><strong><em>δίπαξζ</em></strong></span> <span class='ocrx_word' id='word_1_194' title='bbox 595 2569 662 2638; x_wconf 87' lang='grc' dir='ltr'><strong><em>υπδ</em></strong></span> <span class='ocrx_word' id='word_1_195' title='bbox 685 2575 752 2637; x_wconf 81' lang='grc' dir='ltr'><strong><em>τῶν</em></strong></span> <span class='ocrx_word' id='word_1_196' title='bbox 775 2568 1008 2656; x_wconf 78' lang='grc' dir='ltr'><strong><em>ἐπιγνωμόνων</em></strong></span> <span class='ocrx_word' id='word_1_197' title='bbox 1034 2568 1252 2657; x_wconf 73' lang='grc' dir='ltr'><strong><em>ἐκκριθέντων</em></strong></span> 
     </span>
     <span class='ocr_line' id='line_1_25' title="bbox 215 2669 1251 2798; baseline 0 -58"><span class='ocrx_word' id='word_1_198' title='bbox 215 2672 394 2757; x_wconf 80' lang='grc' dir='ltr'><strong><em>ἐπιβαίνων</em></strong></span> <span class='ocrx_word' id='word_1_199' title='bbox 407 2679 467 2740; x_wconf 81' lang='grc' dir='ltr'><strong><em>τοῦ</em></strong></span> <span class='ocrx_word' id='word_1_200' title='bbox 483 2671 632 2798; x_wconf 78' lang='grc' dir='ltr'><strong><em>ούρανοῦ,</em></strong></span> <span class='ocrx_word' id='word_1_201' title='bbox 653 2671 686 2751; x_wconf 91' lang='grc' dir='ltr'><strong><em>ἐς</em></strong></span> <span class='ocrx_word' id='word_1_202' title='bbox 699 2669 756 2739; x_wconf 88' lang='grc' dir='ltr'><strong><em>τὸν</em></strong></span> <span class='ocrx_word' id='word_1_203' title='bbox 772 2669 968 2761; x_wconf 76' lang='grc' dir='ltr'><strong><em>Τάρταρον’</em></strong></span> <span class='ocrx_word' id='word_1_204' title='bbox 954 2685 1109 2755; x_wconf 85' lang='grc' dir='ltr'><strong><em>εμπεσεῖν</em></strong></span> <span class='ocrx_word' id='word_1_205' title='bbox 1122 2679 1251 2740; x_wconf 82' lang='grc' dir='ltr'><strong><em>τοῦτον.</em></strong></span> 
     </span>
     <span class='ocr_line' id='line_1_26' title="bbox 84 2771 1250 2898; baseline -0.004 -52"><span class='ocrx_word' id='word_1_206' title='bbox 84 2854 89 2867; x_wconf 40' lang='lat'><strong><em>¹</em></strong></span> <span class='ocrx_word' id='word_1_207' title='bbox 161 2801 208 2851; x_wconf 82' lang='lat'><strong><em>16</em></strong></span> <span class='ocrx_word' id='word_1_208' title='bbox 214 2776 416 2863; x_wconf 84' lang='grc' dir='ltr'><strong><em>ἐργάζεσθαι</em></strong></span> <span class='ocrx_word' id='word_1_209' title='bbox 439 2774 533 2842; x_wconf 78' lang='grc' dir='ltr'><strong><em>δὲ</em></strong></span> <span class='ocrx_word' id='word_1_210' title='bbox 497 2802 539 2842; x_wconf 86' lang='grc' dir='ltr'><strong><em>τα</em></strong></span> <span class='ocrx_word' id='word_1_211' title='bbox 563 2772 665 2843; x_wconf 75' lang='grc' dir='ltr'><strong><em>αὑτοῦ</em></strong></span> <span class='ocrx_word' id='word_1_212' title='bbox 689 2773 834 2855; x_wconf 71' lang='grc' dir='ltr'><strong><em>ἕκαστον,</em></strong></span> <span class='ocrx_word' id='word_1_213' title='bbox 858 2776 914 2843; x_wconf 83' lang='grc' dir='ltr'><strong><em>καὶ</em></strong></span> <span class='ocrx_word' id='word_1_214' title='bbox 930 2774 1013 2898; x_wconf 79' lang='grc' dir='ltr'><strong><em>μήτε</em></strong></span> <span class='ocrx_word' id='word_1_215' title='bbox 1034 2775 1092 2898; x_wconf 79' lang='grc' dir='ltr'><strong><em>τήν</em></strong></span> <span class='ocrx_word' id='word_1_216' title='bbox 1108 2771 1250 2862; x_wconf 84' lang='grc' dir='ltr'><strong><em>Αθηνᾶν</em></strong></span> 
     </span>
     <span class='ocr_line' id='line_1_27' title="bbox 214 2868 1249 3003; baseline -0.002 -57"><span class='ocrx_word' id='word_1_217' title='bbox 214 2881 338 2948; x_wconf 82' lang='grc' dir='ltr'><strong><em>ἰᾶσθαι</em></strong></span> <span class='ocrx_word' id='word_1_218' title='bbox 348 2879 431 2966; x_wconf 90' lang='grc' dir='ltr'><strong><em>μήτε</em></strong></span> <span class='ocrx_word' id='word_1_219' title='bbox 443 2876 500 2946; x_wconf 87' lang='grc' dir='ltr'><strong><em>τὸν</em></strong></span> <span class='ocrx_word' id='word_1_220' title='bbox 510 2875 704 2967; x_wconf 83' lang='grc' dir='ltr'><strong><em>Ασκληπιὸν</em></strong></span> <span class='ocrx_word' id='word_1_221' title='bbox 714 2868 980 3003; x_wconf 82' lang='grc' dir='ltr'><strong><em>χρησμῳδεῖν’</em></strong></span> <span class='ocrx_word' id='word_1_222' title='bbox 935 2902 1018 2963; x_wconf 88' lang='grc' dir='ltr'><strong><em>μητε</em></strong></span> <span class='ocrx_word' id='word_1_223' title='bbox 1031 2876 1087 2945; x_wconf 86' lang='grc' dir='ltr'><strong><em>τὸν</em></strong></span> <span class='ocrx_word' id='word_1_224' title='bbox 1099 2873 1249 2945; x_wconf 88' lang='grc' dir='ltr'><strong><em>Απόλλω</em></strong></span> 
     </span>
     <span class='ocr_line' id='line_1_28' title="bbox 213 2975 1250 3068; baseline 0.001 -20"><span class='ocrx_word' id='word_1_225' title='bbox 213 2987 361 3053; x_wconf 81' lang='grc' dir='ltr'><strong><em>τοσαῦτα</em></strong></span> <span class='ocrx_word' id='word_1_226' title='bbox 379 2983 480 3065; x_wconf 90' lang='grc' dir='ltr'><strong><em>μόνον</em></strong></span> <span class='ocrx_word' id='word_1_227' title='bbox 498 2993 618 3061; x_wconf 89' lang='grc' dir='ltr'><strong><em>ποιεῖν,</em></strong></span> <span class='ocrx_word' id='word_1_228' title='bbox 643 2977 747 3047; x_wconf 74' lang='lat'><em>66²⁰</em></span> <span class='ocrx_word' id='word_1_229' title='bbox 728 3005 762 3047; x_wconf 89' lang='grc' dir='ltr'><strong><em>εν</em></strong></span> <span class='ocrx_word' id='word_1_230' title='bbox 782 3005 817 3046; x_wconf 84' lang='grc' dir='ltr'><strong><em>τι</em></strong></span> <span class='ocrx_word' id='word_1_231' title='bbox 840 2975 1115 3064; x_wconf 82' lang='grc' dir='ltr'><strong><em>ἐπιλεξάμενον</em></strong></span> <span class='ocrx_word' id='word_1_232' title='bbox 1094 3006 1114 3068; x_wconf 94' lang='grc' dir='ltr'><strong><em>η</em></strong></span> <span class='ocrx_word' id='word_1_233' title='bbox 1132 3005 1250 3064; x_wconf 90' lang='grc' dir='ltr'><strong><em>μαντιν</em></strong></span> 
     </span>
     <span class='ocr_line' id='line_1_29' title="bbox 163 3081 1253 3176; baseline -0.006 -20"><span class='ocrx_word' id='word_1_234' title='bbox 163 3109 194 3156; x_wconf 75' lang='lat'><strong><em>17</em></strong></span> <span class='ocrx_word' id='word_1_235' title='bbox 214 3114 233 3173; x_wconf 85' lang='lat'><strong><em>6</em></strong></span> <span class='ocrx_word' id='word_1_236' title='bbox 218 3083 482 3176; x_wconf 86' lang='grc' dir='ltr'><strong><em>κιθαρφδον</em></strong></span> <span class='ocrx_word' id='word_1_237' title='bbox 461 3115 480 3175; x_wconf 94' lang='grc' dir='ltr'><strong><em>η</em></strong></span> <span class='ocrx_word' id='word_1_238' title='bbox 502 3083 613 3175; x_wconf 84' lang='grc' dir='ltr'><strong><em>ἰατρὸν</em></strong></span> <span class='ocrx_word' id='word_1_239' title='bbox 632 3081 725 3152; x_wconf 84' lang='grc' dir='ltr'><strong><em>εἶναι.</em></strong></span> <span class='ocrx_word' id='word_1_240' title='bbox 761 3095 833 3162; x_wconf 87' lang='grc' dir='ltr'><strong><em>τοῖς</em></strong></span> <span class='ocrx_word' id='word_1_241' title='bbox 851 3084 888 3151; x_wconf 81' lang='grc' dir='ltr'><strong><em>δέ</em></strong></span> <span class='ocrx_word' id='word_1_242' title='bbox 911 3083 1115 3172; x_wconf 78' lang='grc' dir='ltr'><strong><em>φιλοσόφοις</em></strong></span> <span class='ocrx_word' id='word_1_243' title='bbox 1132 3107 1253 3170; x_wconf 88' lang='grc' dir='ltr'><strong><em>προει-</em></strong></span> 
     </span>
     <span class='ocr_line' id='line_1_30' title="bbox 213 3174 1250 3284; baseline -0.003 -28"><span class='ocrx_word' id='word_1_244' title='bbox 213 3202 288 3256; x_wconf 89' lang='grc' dir='ltr'><strong><em>πεῖν</em></strong></span> <span class='ocrx_word' id='word_1_245' title='bbox 306 3189 350 3277; x_wconf 84' lang='grc' dir='ltr'><strong><em>μὴ</em></strong></span> <span class='ocrx_word' id='word_1_246' title='bbox 370 3188 589 3257; x_wconf 78' lang='grc' dir='ltr'><strong><em>ἀναπλάττειν</em></strong></span> <span class='ocrx_word' id='word_1_247' title='bbox 606 3185 688 3254; x_wconf 82' lang='grc' dir='ltr'><strong><em>κενὰ</em></strong></span> <span class='ocrx_word' id='word_1_248' title='bbox 706 3183 855 3270; x_wconf 85' lang='grc' dir='ltr'><strong><em>ὀνόματα</em></strong></span> <span class='ocrx_word' id='word_1_249' title='bbox 871 3187 954 3273; x_wconf 83' lang='grc' dir='ltr'><strong><em>μηδὲ</em></strong></span> <span class='ocrx_word' id='word_1_250' title='bbox 978 3189 1087 3275; x_wconf 78' lang='grc' dir='ltr'><strong><em>ληρεῖν</em></strong></span> <span class='ocrx_word' id='word_1_251' title='bbox 1104 3187 1184 3284; x_wconf 81' lang='grc' dir='ltr'><strong><em>περὶ</em></strong></span> <span class='ocrx_word' id='word_1_252' title='bbox 1202 3174 1250 3253; x_wconf 86' lang='grc' dir='ltr'><strong><em>ών</em></strong></span> 
     </span>
     <span class='ocr_line' id='line_1_31' title="bbox 164 3280 1248 3377; baseline -0.004 -16"><span class='ocrx_word' id='word_1_253' title='bbox 164 3312 195 3361; x_wconf 80' lang='lat'><strong><em>18</em></strong></span> <span class='ocrx_word' id='word_1_254' title='bbox 216 3289 274 3361; x_wconf 84' lang='grc' dir='ltr'><strong><em>ούκ</em></strong></span> <span class='ocrx_word' id='word_1_255' title='bbox 291 3293 412 3361; x_wconf 75' lang='grc' dir='ltr'><strong><em>ἴσασιν.</em></strong></span> <span class='ocrx_word' id='word_1_256' title='bbox 449 3289 574 3359; x_wconf 81' lang='grc' dir='ltr'><strong><em>ὁπόσοι</em></strong></span> <span class='ocrx_word' id='word_1_257' title='bbox 596 3290 632 3356; x_wconf 83' lang='grc' dir='ltr'><strong><em>δέ</em></strong></span> <span class='ocrx_word' id='word_1_258' title='bbox 654 3285 716 3377; x_wconf 88' lang='grc' dir='ltr'><strong><em>ἠδη</em></strong></span> <span class='ocrx_word' id='word_1_259' title='bbox 734 3295 822 3356; x_wconf 86' lang='grc' dir='ltr'><strong><em>ναών</em></strong></span> <span class='ocrx_word' id='word_1_260' title='bbox 843 3284 865 3376; x_wconf 90' lang='grc' dir='ltr'><strong><em>ἠ</em></strong></span> <span class='ocrx_word' id='word_1_261' title='bbox 887 3295 1018 3359; x_wconf 77' lang='grc' dir='ltr'><strong><em>θυσιῶν</em></strong></span> <span class='ocrx_word' id='word_1_262' title='bbox 1041 3280 1248 3377; x_wconf 80' lang='grc' dir='ltr'><strong><em>ἠξιώθησαν,</em></strong></span> 
     </span>
     <span class='ocr_line' id='line_1_32' title="bbox 215 3386 1250 3481; baseline -0.003 -21"><span class='ocrx_word' id='word_1_263' title='bbox 215 3393 398 3462; x_wconf 85' lang='grc' dir='ltr'><strong><em>ἐκείνων</em></strong></span> <span class='ocrx_word' id='word_1_264' title='bbox 360 3421 419 3479; x_wconf 89' lang='grc' dir='ltr'><strong><em>μεν</em></strong></span> <span class='ocrx_word' id='word_1_265' title='bbox 437 3397 685 3481; x_wconf 75' lang='grc' dir='ltr'><strong><em>καθαιρεθῆναι</em></strong></span> <span class='ocrx_word' id='word_1_266' title='bbox 700 3388 743 3456; x_wconf 86' lang='grc' dir='ltr'><strong><em>τδι</em></strong></span> <span class='ocrx_word' id='word_1_267' title='bbox 766 3388 952 3477; x_wconf 83' lang='grc' dir='ltr'><strong><em>ἀγάλματα,</em></strong></span> <span class='ocrx_word' id='word_1_268' title='bbox 977 3390 1151 3479; x_wconf 78' lang='grc' dir='ltr'><strong><em>ἐντεθῆναι</em></strong></span> <span class='ocrx_word' id='word_1_269' title='bbox 1165 3386 1250 3457; x_wconf 68' lang='grc' dir='ltr'><strong><em>·δέ”</em></strong></span> <span class='ocrx_word' id='word_1_270' title='bbox 1227 3418 1248 3478; x_wconf 90' lang='grc' dir='ltr'><strong><em>η</em></strong></span> 
     </span>
     <span class='ocr_line' id='line_1_33' title="bbox 115 3489 1250 3585; baseline -0.004 -22"><span class='ocrx_word' id='word_1_271' title='bbox 115 3522 120 3525; x_wconf 93' lang='grc'><em>·</em></span> <span class='ocrx_word' id='word_1_272' title='bbox 214 3494 295 3575; x_wconf 87' lang='grc' dir='ltr'><strong><em>Διὸς</em></strong></span> <span class='ocrx_word' id='word_1_273' title='bbox 313 3493 334 3583; x_wconf 90' lang='lat'><strong><em>6</em></strong></span> <span class='ocrx_word' id='word_1_274' title='bbox 349 3493 449 3585; x_wconf 80' lang='grc' dir='ltr'><strong><em>Ἥρας</em></strong></span> <span class='ocrx_word' id='word_1_275' title='bbox 471 3491 712 3581; x_wconf 75' lang='grc' dir='ltr'><strong><em>ῆΆπόλλωνος</em></strong></span> <span class='ocrx_word' id='word_1_276' title='bbox 734 3490 839 3580; x_wconf 85' lang='grc' dir='ltr'><strong><em>ἠτών</em></strong></span> <span class='ocrx_word' id='word_1_277' title='bbox 857 3489 965 3560; x_wconf 84' lang='grc' dir='ltr'><strong><em>ἐίλλων</em></strong></span> <span class='ocrx_word' id='word_1_278' title='bbox 986 3491 1088 3574; x_wconf 88' lang='grc' dir='ltr'><strong><em>τινὸς,</em></strong></span> <span class='ocrx_word' id='word_1_279' title='bbox 1113 3492 1250 3572; x_wconf 84' lang='grc' dir='ltr'><strong><em>ἐκείνοις</em></strong></span> 
     </span>
     <span class='ocr_line' id='line_1_34' title="bbox 214 3592 1248 3686; baseline -0.004 -21"><span class='ocrx_word' id='word_1_280' title='bbox 214 3600 250 3665; x_wconf 79' lang='grc' dir='ltr'><strong><em>δὲ</em></strong></span> <span class='ocrx_word' id='word_1_281' title='bbox 271 3599 379 3686; x_wconf 81' lang='grc' dir='ltr'><strong><em>τάφον</em></strong></span> <span class='ocrx_word' id='word_1_282' title='bbox 403 3604 513 3681; x_wconf 82' lang='grc' dir='ltr'><strong><em>χῶσαι</em></strong></span> <span class='ocrx_word' id='word_1_283' title='bbox 534 3595 592 3683; x_wconf 83' lang='grc' dir='ltr'><strong><em>τῆν</em></strong></span> <span class='ocrx_word' id='word_1_284' title='bbox 614 3596 714 3662; x_wconf 87' lang='grc' dir='ltr'><strong><em>πόλιν</em></strong></span> <span class='ocrx_word' id='word_1_285' title='bbox 740 3598 796 3662; x_wconf 86' lang='grc' dir='ltr'><strong><em>καί</em></strong></span> <span class='ocrx_word' id='word_1_286' title='bbox 822 3596 940 3683; x_wconf 86' lang='grc' dir='ltr'><strong><em>στήλην</em></strong></span> <span class='ocrx_word' id='word_1_287' title='bbox 964 3594 1148 3683; x_wconf 85' lang='grc' dir='ltr'><strong><em>ἐπιστῆσαι</em></strong></span> <span class='ocrx_word' id='word_1_288' title='bbox 1174 3592 1248 3662; x_wconf 81' lang='grc' dir='ltr'><strong><em>ἐντί</em></strong></span> 
     </span>
     <span class='ocr_line' id='line_1_35' title="bbox 212 3694 1248 3822; baseline -0.001 -57"><span class='ocrx_word' id='word_1_289' title='bbox 212 3707 337 3785; x_wconf 80' lang='grc' dir='ltr'><strong><em>βωμοῦ.</em></strong></span> <span class='ocrx_word' id='word_1_290' title='bbox 383 3697 421 3788; x_wconf 88' lang='grc' dir='ltr'><strong><em>ἠν</em></strong></span> <span class='ocrx_word' id='word_1_291' title='bbox 445 3702 481 3768; x_wconf 82' lang='grc' dir='ltr'><strong><em>δέ</em></strong></span> <span class='ocrx_word' id='word_1_292' title='bbox 506 3725 558 3779; x_wconf 88' lang='grc' dir='ltr'><strong><em>τις</em></strong></span> <span class='ocrx_word' id='word_1_293' title='bbox 583 3699 779 3786; x_wconf 89' lang='grc' dir='ltr'><strong><em>παρακούση</em></strong></span> <span class='ocrx_word' id='word_1_294' title='bbox 806 3704 865 3764; x_wconf 81' lang='grc' dir='ltr'><strong><em>τοῦ</em></strong></span> <span class='ocrx_word' id='word_1_295' title='bbox 891 3698 1106 3787; x_wconf 80' lang='grc' dir='ltr'><strong><em>κηρύγματος.</em></strong></span> <span class='ocrx_word' id='word_1_296' title='bbox 1121 3700 1177 3765; x_wconf 82' lang='grc' dir='ltr'><strong><em>καὶ</em></strong></span> <span class='ocrx_word' id='word_1_297' title='bbox 1174 3694 1248 3822; x_wconf 82' lang='grc' dir='ltr'><strong><em>μῆ</em></strong></span> 
     </span>
     <span class='ocr_line' id='line_1_36' title="bbox 216 3795 1248 3891; baseline -0.003 -22"><span class='ocrx_word' id='word_1_298' title='bbox 216 3802 360 3891; x_wconf 86' lang='grc' dir='ltr'><strong><em>ἐθελήση</em></strong></span> <span class='ocrx_word' id='word_1_299' title='bbox 388 3802 446 3870; x_wconf 85' lang='grc' dir='ltr'><strong><em>ἐπὶ</em></strong></span> <span class='ocrx_word' id='word_1_300' title='bbox 471 3800 549 3882; x_wconf 78' lang='grc' dir='ltr'><strong><em>τοὺς</em></strong></span> <span class='ocrx_word' id='word_1_301' title='bbox 577 3802 805 3890; x_wconf 83' lang='grc' dir='ltr'><strong><em>ἐπιγνώμονας</em></strong></span> <span class='ocrx_word' id='word_1_302' title='bbox 829 3800 957 3882; x_wconf 85' lang='grc' dir='ltr'><strong><em>ἐλθεῖν,</em></strong></span> <span class='ocrx_word' id='word_1_303' title='bbox 991 3800 1111 3888; x_wconf 84' lang='grc' dir='ltr'><strong><em>ἐρήμην</em></strong></span> <span class='ocrx_word' id='word_1_304' title='bbox 1145 3795 1248 3867; x_wconf 81' lang='grc' dir='ltr'><strong><em>αύτοῦ</em></strong></span> 
     </span>
     <span class='ocr_line' id='line_1_37' title="bbox 213 3902 1129 4001; baseline 0 -30"><span class='ocrx_word' id='word_1_305' title='bbox 213 3907 577 4001; x_wconf 77' lang='grc' dir='ltr'><strong><em>καταδιαιτησάτωσαν</em></strong></span> <span class='ocrx_word' id='word_1_306' title='bbox 610 3912 709 3973; x_wconf 83' lang='grc' dir='ltr'><strong><em>τοῦτο</em></strong></span> <span class='ocrx_word' id='word_1_307' title='bbox 727 3902 823 3990; x_wconf 53' lang='grc' dir='ltr'><strong><em>μὲν(</em></strong></span> <span class='ocrx_word' id='word_1_308' title='bbox 804 3919 896 3999; x_wconf 90' lang='grc' dir='ltr'><strong><em>ημῖν</em></strong></span> <span class='ocrx_word' id='word_1_309' title='bbox 899 3904 937 3973; x_wconf 90' lang='grc' dir='ltr'><strong><em>τδ</em></strong></span> <span class='ocrx_word' id='word_1_310' title='bbox 958 3905 1129 3993; x_wconf 80' lang='grc' dir='ltr'><strong><em>ψήφισμα</em></strong></span> 
     </span>
     <span class='ocr_line' id='line_1_38' title="bbox 165 4000 1250 4096; baseline -0.005 -20"><span class='ocrx_word' id='word_1_311' title='bbox 165 4029 196 4077; x_wconf 82' lang='lat'><strong><em>19</em></strong></span> <span class='ocrx_word' id='word_1_312' title='bbox 266 4024 368 4080; x_wconf 79' lang='grc' dir='ltr'><strong>ΖΕΥΣ.</strong></span> <span class='ocrx_word' id='word_1_313' title='bbox 401 4011 631 4092; x_wconf 77' lang='grc' dir='ltr'><strong><em>Ὰικαιότατον,</em></strong></span> <span class='ocrx_word' id='word_1_314' title='bbox 652 4000 678 4076; x_wconf 85' lang='lat'><strong><em>6</em></strong></span> <span class='ocrx_word' id='word_1_315' title='bbox 696 4016 814 4095; x_wconf 86' lang='grc' dir='ltr'><strong><em>Μώμε,</em></strong></span> <span class='ocrx_word' id='word_1_316' title='bbox 834 4011 889 4076; x_wconf 88' lang='grc' dir='ltr'><strong><em>καὶ</em></strong></span> <span class='ocrx_word' id='word_1_317' title='bbox 907 4005 973 4096; x_wconf 78' lang='grc' dir='ltr'><strong><em>ἐτη)</em></strong></span> <span class='ocrx_word' id='word_1_318' title='bbox 994 4003 1136 4088; x_wconf 78' lang='grc' dir='ltr'><strong><em>δοκεῖ,’</em></strong></span> <span class='ocrx_word' id='word_1_319' title='bbox 1116 4031 1250 4076; x_wconf 87' lang='grc' dir='ltr'><strong><em>ανατει-</em></strong></span> 
     </span>
    </p>
   </div>
   <div class='ocr_carea' id='block_1_5' title="bbox 0 0 1400 4580">
    <p class='ocr_par' dir='ltr' id='par_1_5' title="bbox 0 0 1400 4580">
     <span class='ocr_line' id='line_1_39' title="bbox 0 0 1400 4580; baseline 0 2"><span class='ocrx_word' id='word_1_320' title='bbox 0 0 1400 4580; x_wconf 95' lang='lat' dir='ltr'><strong><em> </em></strong></span> 
     </span>
    </p>
   </div>
  </div>
 </body>
</html>
