2782 4574
267 221 402 279 LXVIII.
428 223 529 278 ΠΕΡΙ
549 223 637 280 ΤΗΣ
656 224 803 283 ΠΕΡΕΓ.
822 227 1033 329 ΤΕΔ.81-13.
1105 217 1184 283 163·

133 327 374 415 ἐπεγράφοντο.
400 324 458 395 τὸν
474 333 577 415 μέγαν
588 336 667 416 γοῦν
680 329 801 399 ἐκεῖνον
814 330 864 398 ίτι
877 337 1021 418 σέβουσι,
1040 333 1098 403 τόν
1112 331 1170 404 άν-

131 437 277 517 θρωπον
288 426 347 496 τὸν
361 428 395 496 δν
406 433 658 522 τῇΠαλαιοτίνῃ
674 429 1013 517 άνασκολοπιοθέντα,
1030 432 1084 504 ὅτι
1095 462 1169 526 και-

132 531 189 620 νὴν
203 532 323 618 ταύτην
335 531 466 621 τελετὴν
481 533 649 623 εἰσήγαγεν
663 535 697 616 ἐς
708 534 766 603 τὸν
777 542 861 621 βίον.
884 538 960 605 τότε
974 535 1013 626 δὴ
1027 542 1083 607 καί
1092 543 1169 608 συλ·
1187 563 1220 612 12

133 637 279 724 ληφθεὶς
288 632 347 702 ἐπὶ
354 634 462 722 τούτῳ
477 633 495 702 5
506 634 661 724 Πρωτεὺς
673 637 824 707 ἐνέπεσεν
837 637 872 720 ἐς
883 638 922 708 τὸ
934 641 1168 731 δεσμωτήριον,

124 736 219 836 ἱὅπερ
236 740 293 805 καὶ
310 734 391 805 αῦτδ
411 734 449 805 οὗ
466 737 583 829 μικρὸν
601 737 690 829 αῦτηῦ
709 739 840 826 ἀξίωμα
853 749 1070 832 ’περιεποίησε
1084 743 1170 834 πρὸς

132 841 191 911 τὸν
209 840 283 929 ἑξῆς
298 846 373 927 βίον
390 841 520 930 κοίτην
538 850 706 932 τερατείαν
724 848 780 912 καὶ
797 846 1005 930 δοξοκοπίαν,
1026 839 1072 915 ὦν
1086 847 1168 935 δρῦν

133 943 313 1031 ἐτύγχανεν.
351 942 424 1012 ἐπεὶ
443 941 474 1012 δ’
491 936 549 1013 οῦν
566 946 710 1030 ἐδέδετο,
731 947 765 1015 ολ
781 952 977 1038 Χριστιανοὶ
994 948 1169 1042 συμφοράν

132 1047 331 1130 ποωόμενοι
346 1044 386 1114 τὸ
404 1053 543 1136 πρᾶγμα
560 1050 670 1117 πάντα
689 1049 812 1119 ἐκίνουν
834 1050 1024 1141 ἐξαρπάσαι
1041 1055 1169 1143 πειροί-

132 1173 229 1236 μενοι
246 1145 356 1216 αῦτόν.
392 1146 448 1217 εἶτ’
461 1148 535 1218 ἐπεὶ
553 1158 651 1220 τοῦτο
669 1144 708 1242 ἦν
727 1150 939 1235 άδόνατον,”
917 1182 936 1243 η
955 1180 992 1242 γε
1010 1151 1092 1244 άλλη
1107 1161 1170 1224 θε-

132 1258 236 1342 ραπεί
237 1278 258 1318 α
280 1258 375 1320 πάσα
398 1249 436 1319 οὗ
456 1260 643 1342 παρέργως,
672 1251 756 1322 άλλδι
779 1255 838 1325 σὺν
862 1257 1051 1347 σπουδῇγ
1016 1256 1066 1324 ἐί
1030 1263 1167 1349 γίγνετο,

131 1357 188 1422 καὶ
207 1353 313 1422 ἕωθεν
329 1355 389 1440 μὲν
407 1347 548 1435 εῦθῦς’
528 1383 567 1444 ην
577 1354 661 1442 όράν
674 1357 769 1446 παρὰ
781 1384 829 1445 τῳ
814 1360 1057 1446 δεσμωτηρίῳ
1071 1384 1168 1447 περι-

40 1528 43 1535 ,
132 1461 272 1541 μένοντα
289 1457 421 1546 γρᾴδια,
438 1459 543 1546 χήρας
560 1456 654 1537 τινὰς
670 1461 725 1526 καί
740 1462 840 1528 παιδί
826 1466 863 1527 ία
877 1457 1016 1550 ὀρφανὰ,
1037 1460 1071 1527 ολ
1086 1461 1122 1528 δδ
1135 1459 1169 1529 ἐν

131 1555 272 1627 τέλει’
233 1566 341 1626 αυτιῦν
353 1563 409 1626 καί
423 1562 665 1629 συνεκάθευδον
683 1560 774 1631 ἐνδον
791 1559 860 1647 μετ’
872 1560 983 1645 αῦτοῦ,
1006 1565 1150 1652 διαφθεί
1149 1606 1167 1618 -

132 1685 245 1751 ροντες
262 1660 341 1742 τοῦς
359 1662 625 1752 δεσμοφύλακας·
648 1661 725 1732 εἶτα
743 1666 862 1733 δεῖπνα
883 1668 1021 1734 ποικίλα
1043 1665 1169 1733 εἰσεκο-

132 1764 246 1849 μίζετο
267 1765 322 1830 καλ
344 1765 438 1852 λόγοι
461 1765 605 1855 ἱεροὶ
567 1774 674 1834 αυτῶν
696 1766 844 1855 ἐλέγοντο
870 1770 926 1835 καὶ
953 1764 971 1836 5
997 1771 1169 1854 βέλτιστος

132 1878 388 1955 Περεγρῖνος-
407 1865 455 1934 ἐτι
472 1867 535 1956 γὰρ
557 1876 656 1937 τοῦτο
680 1869 886 1939 ἐκαλεῖτο-
844 1870 1016 1953 -καινὸς
1033 1872 1169 1959 Σωκρά-

133 1993 192 2056 της
210 1964 266 2035 ῦπ
279 1964 387 2035 αῦτιῦν
406 1966 604 2054 ὠνομάζετο.

184 2069 307 2137 Καὶ
268 2097 331 2159 μην
348 2067 409 2139 κάκ
426 2079 492 2139 τιῦν
511 2071 572 2141 ἐν
554 2079 646 2162 Ασιρ
663 2075 794 2143 πόλεων
813 2066 946 2144 ἐστιν
919 2102 965 2143 ων
978 2065 1056 2163 ἧκόν
1069 2101 1164 2157 τινες,
1187 2099 1218 2146 13

133 2180 199 2241 τῶν
214 2180 421 2260 Χριστιανῶν
436 2173 667 2244 στελλόντων
648 2175 717 2245 απὸ
731 2185 790 2245 τοῦ
805 2183 926 2260 κοινοῦ,
940 2176 1168 2265 βοηθήσοντες

133 2280 188 2343 καὶ
217 2277 507 2363 συναγορεύσοντες
533 2282 588 2345 καί
614 2281 939 2368 παραμυθησόμενοι
969 2277 1026 2348 τὸν
1053 2274 1167 2369 άνδρα.

134 2375 300 2467 διμήχανον
323 2379 360 2445 δέ
380 2405 414 2446 τι
435 2378 473 2448 τὸ
492 2381 590 2464 τάχος
606 2381 867 2552 ἕέπιδείκνυντοιι,
892 2382 1028 2451 ἐπειδάν
1046 2409 1080 2450 τι
1097 2407 1167 2451 τοι-

135 2487 232 2549 οῦτον
249 2487 382 2568 γένηται
404 2481 488 2609 δηι’
457 2503 577 2550 ιοσιον
606 2483 777 2572 ἐνβραχεῖ
797 2483 859 2575 γὰρ
883 2481 1062 2576 ἀφειδοῦσι
1083 2484 1169 2553 πάν-

133 2609 210 2651 των.
245 2585 302 2650 καὶ
320 2581 359 2672 δη
377 2586 435 2651 καὶ
451 2591 498 2672 τῷ
517 2594 700 2708 Περεγρίνῳ
719 2585 827 2655 πολλὰ
845 2589 922 2656 τότε
943 2613 1000 2676 ηκε
1015 2588 1169 2677 χρήματα

134 2712 205 2774 παρ
230 2682 338 2753 αὐτῶν
357 2685 415 2753 ἐπὶ
436 2670 609 2777 προφάσει
625 2697 690 2756 τιῦν
713 2691 842 2787 δεσμιῦν
863 2694 919 2757 καί
941 2687 1166 2779 πρόσοδον’
1129 2715 1167 2757 ου

134 2787 254 2878 μικρὰν
271 2789 393 2911 ταύτην
411 2788 609 2879 ἐποιήσατο
632 2784 813 2860 πεπείκασι
835 2791 897 2881 γὰρ
917 2789 1037 2871 αῦτοῦς
1056 2791 1089 2858 ολ
1110 2817 1169 2858 κα-

134 2893 232 2959 κοδαί
219 2897 328 2975 ίμονες
344 2890 384 2959 τὸ
401 2893 460 2976 μὲν
480 2888 556 2962 όλον
570 2891 738 2963 ἀθάνατοι
753 2894 895 2963 ε’σεσθαι
907 2898 964 2962 καὶ
976 2895 1168 2982 βιώσεσθαι

134 2994 191 3062 τὸν
215 2991 268 3061 ἀεὶ
287 2995 418 3082 χρόνον,
446 2992 560 3081 παρ’ἳν
588 3000 643 3064 καί
667 3004 915 3086 καταφρονοῦσι
936 3004 996 3067 τοῦ
1018 2999 1168 3066 θανάτου

129 3100 192 3165 ’καὶ
211 3096 337 3175 ἑκόντες
359 3093 480 3176 αὖτοὺς
502 3096 714 3166 ἐπιδιδόασιν
733 3099 766 3165 οἱ
788 3101 918 3166 πολλοί
955 3099 1073 3167 ἔπειτα
1095 3100 1131 3167 δέ
1150 3098 1169 3167 5
1216 3180 1225 3194 Ι

134 3205 320 3287 νομοθέτης
339 3195 356 3268 5
375 3205 509 3287 πρῶτος
527 3199 658 3268 ἔπεισεν
681 3197 801 3279 αὖτοὺς
820 3196 866 3279 ὡς
889 3197 1030 3289 ἀδελφοὶ
1048 3202 1171 3280 πάντες

136 3300 200 3371 εἷεν
219 3300 377 3391 άλληλων,
402 3299 539 3370 ἐπειδὰν
557 3298 651 3385 ἅπαξ
666 3302 877 3392 παραβάντες
895 3301 998 3380 θεοὺς
1018 3303 1076 3386 μὲν
1094 3301 1171 3381 τοὺς

132 3402 333 3494 Ἑλληνικοὺς
346 3402 610 3495 ἀπαρνήσωνται,
630 3403 687 3473 τόν
702 3405 737 3473 δὲ
752 3402 1070 3490 ῦνεσκολοπισμένον
1088 3403 1170 3473 ἐκεῖ·

135 3533 190 3577 νον
213 3507 375 3598 σοφιστὴν
398 3505 507 3576 αῦτιῦν
529 3516 742 3599 προσκυνοῦσι
763 3511 819 3577 καὶ
841 3508 925 3578 κατὰ
946 3507 1024 3589 τοῦς
1047 3507 1169 3576 ἐκείνου

135 3611 258 3696 νόμους
274 3618 385 3697 βιοῦσι.
421 3619 684 3703 καταφρονοῦσιν
707 3603 764 3680 οῦν
787 3610 944 3681 ἁπάντων
966 3613 1003 3694 ἐξ
1021 3612 1098 3699 ίσης
1114 3612 1171 3677 καὶ

135 3715 230 3782 κοινὰ
249 3711 404 3803 ἡγοῦνται
422 3710 498 3782 άνευ
516 3715 605 3795 τινὸς
623 3713 778 3806 ῦκριβοῦς
800 3722 947 3795 πίστεως
968 3714 1171 3782 τὰτοιαῦτα

135 3818 413 3905 παραδεξάμενοι.
449 3815 490 3906 ἢν
506 3823 616 3886 τοίνυν
633 3822 789 3906 παρέλθῃ
811 3844 863 3898 τις
885 3818 933 3897 εἰς
955 3813 1074 3895 αῦτοῦς
1091 3816 1172 3903 γόης

135 3923 192 3988 5
135 3927 357 4010 τεχνίτης
380 3916 639 4011 ἄνθρωποςκαὶ
664 3922 839 4011 πράγμασι
858 3926 1009 4009 χρῆσθαι
1032 3919 1170 4004 δυνάμε-

134 4050 204 4108 νος,
234 4021 296 4092 αδτ
298 4031 352 4092 ίκα
373 4025 463 4111 μάλα
485 4023 646 4104 πλούσιος
669 4024 836 4115 ἐνβραχεῖ
852 4023 999 4180 ἐγένεηη,
983 4022 1170 4106 ,ἰδιώταις
