2748 4572
373 238 437 296 ιΠ.
464 240 752 295 οτιουιευισε
772 239 894 295 νι-οο.
1108 226 1152 293 27

5 398 6 405 ι
108 347 174 428 τὰς
192 342 305 434 πυγάς
322 341 437 433 ὥσπερ
459 341 647 411 τάιπαιδία
669 349 839 413 παίεσθαι
860 339 951 425 ἀξιοι
973 339 1014 411 ἀν
1036 339 1100 413 elev
1118 342 1153 412 οί
1255 400 1263 409 .

109 449 334 527 ἀπιστοῦντες
356 451 411 515 καί
434 441 540 526 οῦτως
566 442 853 535 ἀναισχυντοῦντες
880 444 965 533 πρὸς
991 443 1049 535 τήν
1072 442 1152 534 ἀλή·

110 548 247 622 θειαν.”

159 652 239 723 Ἐπὶ
264 653 396 732 τούτοις
423 648 442 719 5
469 649 704 739 Πυθαγορικὸς
722 647 911 741 Ἀρίγνωτος
933 652 1103 740 εἰσῆλθεν,
1132 648 1203 722 529

110 758 268 846 κομήτης,
289 752 307 824 5
332 754 449 839 σεμνὸς
472 751 541 822 ἀπὸ
563 761 622 821 τοῦ
641 755 845 845 προσώπου·
870 752 977 823 οίσθα
999 754 1056 824 τὸν
1079 752 1152 823 ἀοί-
1213 796 1232 829 a

112 862 211 946 διμον
234 856 294 926 ἐπὶ
314 864 355 947 τῇ
370 863 496 955 σοφία,
523 855 581 925 τὸν
609 855 697 946 ἱερὸν
724 858 1017 944 ἐπονομαζόμενον.
1062 855 1152 945 κάγὼ

113 965 173 1048 μὲν
191 958 238 1041 ὥς
256 957 347 1028 είδον
365 957 474 1041 αὐτὸν,
495 957 688 1042 ἀνέπνευσα,
707 959 792 1028 τοῦτ’
806 961 907 1030 ἐκεῖνο
926 955 1014 1049 ήκειν
1025 985 1085 1046 μοι
1098 986 1154 1029 νο-

113 1071 225 1151 μίσας,
240 1064 379 1131 πελεκάν
387 1053 461 1131 τινα
469 1060 553 1131 κατὰ
561 1069 626 1130 τῶν
637 1065 852 1150 ψευσμάτων
864 1061 1080 1148 ((ἐπιοτομιεῖ
1089 1062 1152 1153 γὰρ
1212 1070 1215 1076 ’

115 1162 266 1248 αῦτοῦς,”
283 1164 400 1254 ἐλεγον,
412 1163 455 1234 “5
465 1165 572 1255 σοφὸς
582 1163 661 1255 ἀνήρ
673 1161 760 1234 οὕτω
769 1166 926 1255 τεράστια
940 1163 1150 1248 διεξιόντας,”

114 1266 232 1338 καὶτὸ
261 1275 322 1336 τοῦ
352 1269 465 1357 λόγου,
494 1268 578 1336 θεὸν
605 1265 674 1336 ἀπὸ
701 1276 844 1357 μηχανῆς
871 1268 1155 1358 ἐπεσκυκληθήναί

114 1397 176 1459 μοι
196 1377 315 1440 τοῦτον
338 1369 429 1459 η’ίμην
451 1368 520 1439 ἀπὸ
543 1378 601 1460 τῆς
623 1372 735 1459 Τύχης.
780 1367 798 1438 5
823 1372 858 1438 δέ
881 1370 956 1439 ἐπεὶ
977 1371 1153 1453 ἐκαθέζετο

115 1472 340 1554 ῦπεκστάντος
359 1471 448 1562 αὐτῷ
466 1479 525 1542 τοῦ
542 1474 751 1560 Κλεοδήμου,
774 1480 895 1562 πρῶτα
915 1475 974 1557 μὲν
996 1475 1076 1562 περὶ
1096 1478 1155 1563 τής

101 1579 216 1646 ’νόσου
239 1573 355 1666 -ήρετο,
382 1580 439 1643 καὶ
461 1573 508 1656 ὦς
533 1579 613 1666 ῥᾷον
638 1573 700 1664 ήδη
730 1575 812 1660 ἐχειν
838 1572 958 1664 ἤκουσε
980 1573 1074 1665 παρὰ
1095 1580 1154 1644 τοῦ

114 1677 322 1769 Εὐκράτους,
347 1676 406 1746 “vl
432 1676 502 1760 δόξ’
531 1678 609 1767 ἐφη,
634 1676 746 1768 “πρὸς
773 1676 894 1760 αὖτοὺς
921 1682 1155 1769 φιλοσοφεῖτες

114 1781 239 1870 μεταξὺ
262 1780 324 1869 γὰρ
347 1781 460 1849 είσιδιν
483 1781 665 1870 ἐπήκουσα,
693 1776 750 1850 καί
770 1809 830 1868 μοι
852 1784 977 1850 δοκεῖτε
1001 1781 1034 1863 ἐς
1056 1779 1156 1850 καλὸν

116 1886 351 1974 διαθήσεσθαι
367 1882 425 1973 τήν
444 1881 645 1972 διατριβήν.”
680 1882 739 1953 “vl
757 1882 788 1953 δ’
802 1882 916 1968 ἀλλο,”
938 1882 1031 1953 εἶπεν
1050 1881 1068 1951 5
1085 1880 1156 1952 Εῦ-

116 1989 246 2079 κράτης,
263 1983 309 2077 “5
325 1989 457 2055 τουτονὶ
472 1985 529 2054 τὸν
544 1984 763 2071 ἀδαμάντινον
778 1985 962 2074 πείθομεν”
983 2027 1026 2041 -·
1045 1988 1155 2069 δείξας

118 2090 179 2176 ἐμέ
202 2131 242 2140 -
262 2087 448 2178 “ήγεῖσθαι
471 2091 631 2175 δαίμονάς
647 2117 739 2170 τινας
761 2087 845 2158 εἶναι
862 2093 918 2157 καὶ
935 2091 1156 2179 φαντάσματα

119 2197 180 2260 καὶ
199 2199 316 2280 νεκρῶν
338 2191 448 2279 ψυχὰς
474 2194 669 2279 περιπολεῖν
694 2189 779 2279 ὑπὲρ
804 2198 863 2279 γής
887 2195 943 2258 καὶ
970 2198 1157 2280 φαίνεσθαι

122 2293 178 2374 οἷς
207 2291 246 2361 ἀν
272 2292 457 2362 mamm?
506 2292 568 2380 ἐγὼ
595 2296 655 2378 μὲν
681 2284 738 2363 οῦν
768 2291 959 2384 ἠρυθρίασα
985 2296 1041 2360 καὶ
1066 2293 1155 2361 κάτω

119 2398 240 2467 ἔνευσα
258 2397 427 2476 αἰδεσθεὶς
444 2395 501 2465 τὸν
515 2394 714 2485 Ἀρίγνωτον.
751 2395 769 2466 5
790 2398 839 2478 δὲ,
860 2392 982 2485 “όρα,”
1008 2395 1085 2484 ἐφη,
1103 2384 1155 2463 “5

117 2497 295 2590 Εὔκρατες,
314 2498 360 2587 μή
377 2499 476 2567 τοῦτό
491 2524 576 2589 φησι
592 2501 761 2589 Τυχιάδης,
780 2500 841 2580 τάς
854 2506 919 2568 τῶν
931 2505 1051 2585 βιαίως
1070 2495 1158 2566 ἀπο-

116 2603 293 2672 θανόντων
309 2603 414 2687 μόνας
431 2600 541 2689 ψυχὰς
558 2617 773 2692 περινοστεῖν,
795 2603 864 2671 οίον
879 2603 912 2670 εἴ
921 2628 972 2681 τις
986 2599 1156 2688 ἀπήγξατο

118 2704 142 2795 5
166 2703 348 2794 ἀπετμήθη
370 2703 429 2795 τὴν
450 2702 594 2794 κεφαλήν
617 2701 638 2792 5
662 2703 929 2793 ἀνεσκολοπίσθη
957 2700 978 2793 5
1005 2701 1093 2790 ἀλλην
1121 2707 1159 2789 γέ

116 2836 167 2897 τῳ
190 2810 310 2896 τρόπῳ
332 2808 474 2895 τοιούτῳ
499 2805 651 2896 ἀπῆλθεν
678 2808 713 2875 ἐκ
738 2815 798 2877 τοῦ
824 2814 915 2893 βίου,
943 2804 1002 2886 τὰς
1030 2807 1066 2873 δὲ
1091 2811 1159 2874 τῶν

117 2910 204 2980 κατὰ
221 2924 343 3000 μοῖραν
361 2907 603 2979 ἀποθανόντων
622 2906 745 2978 οὐκέτι·
763 2908 802 2999 ήν
818 2908 993 2999 γάρτοῦτο
1012 2911 1097 2998 λέγη,
1118 2905 1157 2977 οῦ

118 3016 208 3084 πάνυ
230 3011 406 3102 ἀπόβλητα
425 3009 555 3103 φή,σει.”
580 3009 651 3096 ((μά
666 3010 752 3094 Δί’,”
772 3004 793 3101 5
813 3012 843 3081 δ’
856 3013 893 3092 ὃς
913 3010 930 3091 5
946 3013 1157 3097 Δεινόμαχος,

117 3114 309 3185 “ἀλλόῦδ’
330 3112 417 3196 δλως
438 3113 585 3184 εἶναιτὰ
607 3122 747 3183 τοιαῦτα
770 3114 846 3183 οῦδὲ
870 3122 1057 3184 συνεστῶτα
1080 3112 1160 3203 δρᾶ·
1220 3164 1223 3169 s

120 3228 211 3291 σθαι
229 3216 366 3311 offam?
399 3216 498 3298 “πῶς
515 3218 648 3305 λέγεις,”
668 3211 688 3307 5
709 3215 739 3285 δ’
752 3217 789 3297 ῦς
808 3215 826 3283 5
842 3216 1040 3304 Ἀρίγνωτος,
1061 3215 1158 3302 δριμὺ
1177 3239 1212 3288 οο

121 3320 258 3391 ἀπιδὼν
276 3323 324 3402 εἷς
342 3320 413 3406 ἐμὲ,
434 3317 554 3390 “οῦδέν
572 3348 626 3391 σοι
643 3322 769 3390 τούτων
786 3325 960 3407 γίγνεσθαι
979 3321 1081 3401 δοκεῖ,
1105 3322 1161 3387 καὶ

121 3431 230 3493 ταῦτα
252 3424 395 3507 πάντων,
422 3421 467 3504 ὥς
490 3425 604 3508 εἰπεῖν,
634 3420 823 3515 ὃριόντιον,·”
849 3418 1159 3510 ((ἀπολελόγησθεῗ

67 3572 73 3583 ·
123 3519 164 3616 ἦν
186 3524 218 3596 δ’
235 3525 315 3615 ἐγὼ,
336 3524 444 3614 (ςδπέρ
463 3527 557 3613 ἐμοῦ,
582 3528 673 3613 εἰμὴ
691 3527 852 3609 πιστεύω,
878 3528 967 3595 διότι
987 3526 1071 3613 μηδὲ
1093 3522 1161 3610 δρῶ
1227 3600 1231 3609 ,

123 3632 227 3717 μόνος
244 3636 311 3698 τιῦν
328 3626 451 3718 ἀλλων·
471 3631 502 3698 εἰ
519 3632 555 3698 δέ
574 3630 694 3719 ἐώρων,
714 3633 770 3697 καὶ
788 3629 960 3697 ἐπίστευον
979 3625 1018 3695 ἀν
1036 3622 1161 3714 δηλαδή

126 3728 244 3823 ὥσπερ
266 3729 389 3817 ῦμεῖς.”
424 3730 566 3814 “ἀλλά,”
591 3725 662 3821 ήδ)
679 3732 729 3814 ὃς,
754 3729 817 3820 “51¹
838 3757 921 3799 ποτε
945 3730 978 3809 ἐς
994 3730 1162 3813 Κόρινθον

126 3834 245 3925 ἐλθῃς,
271 3835 348 3922 ἐροῦ
370 3835 453 3904 ἐνθα
476 3835 564 3904 ἐστὶν
581 3833 601 3924 5
619 3833 806 3918 Εὐβατίδου
827 3834 928 3913 οἰκία,
951 3833 1007 3898 καὶ
1025 3830 1162 3900 ἐπειδάν

127 3961 185 4006 σοι
202 3940 323 4028 δειχθῇ
341 3938 435 4028 παρὰ
453 3937 491 4007 τὸ
509 3940 677 4029 Κράνειον,
699 3925 883 4023 παρελθὼν
902 3935 935 4016 ἐς
952 3935 1073 4021 ταύτην
1089 3937 1164 4022 λέγε

127 4038 215 4129 πρὸς
240 4040 298 4109 τὸν
328 4041 483 4133 θυρωρὸν
513 4048 623 4128 Τίβιον
651 4038 696 4122 ιῦς
727 4040 859 4119 ἐθέλοις
886 4039 968 4119 ἰδεῖν
995 4035 1076 4107 ὅθεν
1102 4038 1161 4106 τὸν
