2748 4572
243 166 246 171 ⁵
365 216 429 272 τοι.
456 216 740 277 mmmm:
761 215 881 270 νε-νε.
1095 201 1142 271 25

71 332 79 348 “
99 326 148 414 μὴ
171 325 230 393 καί
251 320 309 390 τάν
329 323 505 411 Σωκράτην
526 318 627 395 αύτὸν
652 320 786 389 καὶτὸν
807 320 969 389 Πλάτωνα
994 318 1080 402 εἶδες
1106 321 1142 389 ἐν

83 437 337 512 -τοῑςνεκροῖςς
353 422 433 493 “τόν
449 426 625 512 Σωκράτην
641 420 776 511 ἐγωγε,”
796 414 816 511 ἦ
836 420 866 490 6'
879 423 929 504 ὃς,
946 420 1047 493 “0666
1063 431 1142 493 τοῦ·

104 557 164 603 τον
192 535 326 617 σαφῶς,
353 524 422 597 ἀλλ’
443 528 578 609 εἰκάζων
600 522 653 594 ότι
675 524 843 615 φαλακρὸς
864 530 917 592 καί
940 528 1142 616 προγάστωρ

9 642 10 645 ’
104 627 157 722 ἦν·
176 630 236 701 τὸν
254 632 417 701 Πλάτωνα
436 632 472 699 ἀέ
490 627 547 699 ούκ
565 629 738 719 ἐγνιόρισα·
756 627 816 717 χρὴ
835 628 907 717 γάρ,
928 626 1035 714 οἶμαι,
1055 630 1142 716 πρὸς
1195 713 1199 720 ⁵

104 740 227 824 φίλους
245 731 366 823 ἀνδρας
383 730 513 821 τάληθῆ
531 735 644 818 λέγειν.
686 729 755 817 ἅμα
772 730 804 799 6²
817 724 873 801 ούν
891 732 990 820 ἐγωγε
1005 728 1142 801 ἅπαντα

108 836 254 924 ἀκριβῶς
273 836 437 919 ἑωράκειν,
461 839 516 902 καλ
536 833 576 917 τό
596 837 709 919 χάσμα
731 841 868 919 συνέμυε
889 842 946 902 καί
966 861 1051 916 τινες
1073 842 1142 905 τῶν

59 930 68 947 ⁸
107 942 244 1010 οἰκετῶν
268 936 500 1026 ἀναζητοῦντές
520 964 575 1022 με,
599 941 655 1005 καὶ
676 945 821 1026 Πυρρίας
844 930 939 1017 οὗτος
960 938 993 1006 ἐν
1015 934 1139 1020 αύτοῑς,
1215 984 1218 997 τ

108 1042 297 1129 ἐπέστησαν
315 1037 410 1107 οάπω
428 1043 537 1107 τέλεον
555 1042 736 1125 μεμυκότος
758 1049 817 1109 τοῦ
839 1042 1018 1126 χάσματος.
1055 1041 1140 1122 εέπέ,
1198 1040 1203 1051 '

111 1151 250 1235 Πυρρία,
272 1143 302 1210 εἰ
320 1141 431 1230 ἀληθῆ
449 1141 562 1229 λέγω.”
588 1141 648 1231 ’νὴ
668 1140 753 1226 Δί’,”
775 1144 838 1232 ἐλμη
857 1141 1044 1234 ἀΠνρρίας,
1060 1141 1141 1212 “nal

107 1246 226 1336 ὑλακῆς
245 1248 281 1314 δὲ
298 1243 422 1334 ἥκουσα
441 1245 497 1313 διὰ
514 1254 573 1315 τοῦ
589 1247 758 1332 χάσματος
776 1250 830 1314 καί
853 1253 920 1336 πῦρ
938 1275 971 1315 τι
987 1244 1140 1331 ἀπολάμ-

106 1378 183 1420 πειν
203 1348 273 1417 ἀπὸ
292 1356 351 1436 τῆς
370 1349 471 1438 ἀράός
493 1375 553 1434 μοι
576 1346 712 1418 ἐόόκει.”
748 1346 837 1436 κάγὼ
861 1350 1000 1436 ἐγέλασα
1022 1349 1140 1433 ἐπιμε-

107 1455 291 1544 τρήσαντος
308 1459 367 1520 τοῦ
386 1455 550 1540 μάρτυρος
567 1450 624 1540 τὴν
641 1449 759 1540 ὑλακὴν
777 1451 887 1519 καὶτὸ
906 1459 983 1538 πῦρ.

156 1555 185 1626 ‘0
211 1557 404 1643 Κλεόδημος
431 1557 479 1636 ἀλ,
508 1552 572 1622 “06
599 1553 729 1636 καινά,”
763 1552 868 1636 εἶπεν,
898 1552 1000 1623 “ούάἐ
1026 1552 1139 1634 ἀλλοις
1157 1574 1194 1622 25

108 1658 237 1749 ἀόρατα
255 1666 360 1725 ταῦτα
378 1657 471 1739 εἶδες,
493 1658 567 1726 ἐπεὶ
584 1662 639 1725 καί
657 1655 756 1737 αὐτὸς
770 1656 808 1726 ού
823 1657 889 1746 πρὸ
904 1661 1030 1729 πολλοῦ
1043 1658 1141 1746 νοση-

106 1789 172 1843 σας
192 1763 322 1829 τοιόνάε
344 1787 378 1831 τι
397 1760 601 1849 ἐθεασάμην·
625 1760 804 1831 ἐπεσκόπει
827 1764 863 1828 ἀέ
884 1788 925 1846 με
946 1765 1002 1829 καὶ
1020 1761 1142 1847 ἐθερά-

107 1890 218 1936 πευεν.
233 1862 412 1951 Ἀντίγονος
444 1854 549 1943 οὗτος.
599 1863 722 1952 ἑβδόμη
749 1866 807 1949 μὲν
838 1856 875 1952 ἦν
905 1863 1024 1953 ἡμέρα,
1056 1862 1075 1932 6
1104 1865 1141 1933 δέ

109 1967 255 2056 πυρετὸς
269 1966 340 2048 οἶος
353 1967 768 2055 καύσωνοςσφοάρότερος.
793 1964 935 2047 ἅπαντες
950 1970 986 2035 δέ
997 1994 1039 2053 με
1053 1964 1142 2035 ἀπο-

107 2071 290 2150 λιπόντες)
276 2097 320 2138 επ
318 2066 479 2158 ἐρημίας
491 2068 756 2154 ἐπικλεισάμενοι
769 2070 828 2149 τὰς
842 2074 950 2156 θύρας
964 2071 1025 2152 ἐξω
1044 2096 1141 2158 περι

104 2182 240 2269 έμενον·
259 2165 350 2240 ούτω
369 2170 430 2260 γάρ
452 2171 637 2251 ἐκέλευσας,
662 2198 688 2238 ω
675 2164 872 2257 Αντίγονε,
898 2174 931 2240 εἴ
950 2198 1023 2251 πως
1046 2174 1142 2259 ἀονη

109 2281 214 2362 θείην
241 2273 329 2354 είς“
310 2300 411 2343 υπνον
440 2280 638 2362 τρέπεσθαι.
683 2274 758 2341 τότε
790 2265 844 2343 οὖν
876 2270 1065 2362 ἐφίσταταί
1082 2299 1142 2358 μοι

109 2384 244 2457 νεανίας
261 2376 452 2504 ἐγρηγορότι
465 2379 646 2464 πάγκαλος,
667 2375 778 2447 λευκὸν
798 2378 928 2462 ἱμάτιον
946 2382 1142 2501 περιβεβλη-

108 2487 223 2567 μένος,
251 2478 307 2548 εἶτ’
328 2477 513 2568 ἀναστήσας
540 2479 613 2569 ἀγει
639 2482 695 2549 διά
721 2507 809 2561 τινος
833 2483 1002 2567 χάσματος
1030 2481 1143 2560 ἐςτὸν

102 2580 258 2676 ᾉόην,
230 2611 279 2665 ως
296 2582 414 2653 αὐτίκα
432 2585 592 2671 ἐγνωρισα
613 2586 777 2653 Τάνταλον
796 2583 874 2651 ίὸὠν
888 2588 943 2652 καί
959 2583 1073 2653 Τιτυὸν
1087 2587 1144 2653 καί

108 2693 270 2776 Σίσυφον.
307 2691 362 2755 καὶ
383 2686 425 2754 τά
446 2689 504 2772 μέν
524 2684 702 2754 ἀλλατί”
650 2694 720 2755 ίαν
742 2685 819 2771 ύμῖν
841 2690 985 2775 λέγοιμι,·
1013 2686 1086 2754 ἐπεὶ
1102 2689 1143 2754 όέ

109 2788 196 2858 κατὰ
213 2790 251 2859 τὸ
271 2791 480 2877 δικαστηριόν
500 2789 708 2879 ἐγενόμην-
725 2816 834 2878 παρην
853 2792 889 2858 ἀὲ
906 2794 961 2867 καὶ
979 2787 997 2857 6
1016 2788 1145 2868 Αἰακὸς

109 2897 167 2961 καί
185 2890 203 2960 6
222 2895 343 2979 Χάρων
360 2896 414 2960 καὶ
433 2894 469 2960 αἱ
485 2905 610 2979 ,Μοῖραι
628 2896 684 2959 καὶ
706 2893 742 2959 αλ
758 2890 897 2979 Ἐρινύες
914 2933 956 2943 -
974 2889 993 2960 6
1015 2899 1073 2977 μέν
1091 2917 1144 2973 τις

111 2990 229 3084 ὥσπερ
246 2994 409 3081 βασιλεὺς,
430 2994 447 3063 6
465 2998 623 3091 Πλούτων
640 3022 698 3081 μοι
718 2997 832 3075 δοκεῖν,
857 3002 1008 3082 καθῆστο
1032 2995 1144 3064 ἐπιλε-

109 3098 250 3187 γόμενος
267 3106 331 3166 τῶν
349 3102 594 3186 τεθνηξομένων
612 3098 654 3166 τὰ
673 3097 832 3183 ὀνόματα,
859 3098 914 3176 ούς
935 3095 997 3186 ἤδη
1019 3095 1145 3185 ύπερη·

108 3208 233 3289 μέρους
258 3209 315 3289 τῆς
339 3202 422 3288 ζωῆς
445 3207 629 3285 συνέβαινεν
656 3198 753 3281 εἶναι,
787 3198 804 3266 6
833 3202 868 3267 δέ
894 3206 1059 3280 νεανίσκος
1087 3199 1144 3282 ἐμὲ

9 3374 10 3385 ¹
109 3311 225 3395 φέρων
246 3310 450 3394 παρέστησεν
473 3301 578 3391 αύτῷ·
606 3301 623 3372 6
648 3306 683 3371 ἀὲ
705 3304 861 3372 Πλούτων
883 3300 1083 3390 ἠγανάκτησέ
1107 3327 1145 3373 τε

9 3390 10 3403 ¹
110 3411 169 3475 καὶ
186 3407 273 3495 πρὸς
290 3406 346 3476 τὸν
370 3405 532 3494 ἀγαγόντα
554 3434 608 3490 με,
630 3403 750 3502 “oiim
774 3402 1026 3494 ττεπλήρωται,”
1051 3409 1144 3496 φησί,

106 3506 173 3578 “cb
191 3517 278 3598 νῆμα
301 3508 404 3597 αύτῷ,
430 3505 514 3578 ὥστε
537 3507 657 3577 ἀπίτω.
694 3507 733 3577 σὺ
758 3512 793 3577 ἀέ
812 3509 850 3597 (λη
869 3508 925 3578 τὸν
940 3513 1060 3593 χαλκέα
1080 3521 1147 3597 Δη-

107 3613 216 3699 μύλον
231 3610 304 3699 ἀγε·
323 3609 407 3700 ἀπέρ
422 3611 484 3701 γάρ
497 3612 554 3681 τὸν
568 3611 727 3700 ἀτρακτον
741 3610 802 3700 ἤδη
816 3609 915 3697 (hoff
939 3611 1028 3700 κάγὼ
1043 3611 1146 3694 ἀσμε·

107 3740 170 3795 νος
189 3712 385 3803 ἀναδραμὼν
405 3712 503 3793 αύτὸς
520 3717 578 3798 μὲν
600 3714 661 3803 ἤδη
686 3712 849 3804 ἀπύρετος
871 3706 918 3802 ἦν,
944 3712 1145 3800 ἀπήγγελλον

111 3818 149 3886 όέ
168 3812 297 3887 ἀπασιν
317 3814 363 3898 ὡς
380 3818 573 3905 τεθνήξεται
592 3818 757 3905 Δημύλος·
782 3817 815 3887 ἐν
836 3816 989 3903 γειτόνων
1012 3817 1048 3882 ἀὲ
1066 3813 1143 3903 ἡμῖν

111 3915 207 4007 η’ύκει,
237 3927 345 3987 νοσοῦν
371 3909 411 3987 τι
426 3924 481 3987 καὶ
504 3917 615 4000 αύτός,
645 3916 691 3996 ὡς
718 3917 947 4005 ἀπηγγέλλετο.
983 3921 1037 3985 καὶ
1062 3918 1146 4005 μετὰ

109 4021 230 4114 μικρὸν
243 4019 403 4112 ἠκούομεν
418 4024 561 4112 οἰμωγῆς
576 4020 780 4112 ρόυρομένων
799 4017 848 4088 ἐπ’
862 4018 960 4109 αὐτῷ.
985 4019 1041 4089 “vl
1059 4028 1146 4091 θαυ-Ι
1164 4043 1201 4094 26
