2748 4572
289 752 530 867 Ρωυοεωι
554 751 905 861 mmmmm.

120 977 286 1067 Ἐρωτᾷς,
310 963 338 1041 ὦ
360 974 539 1061 μειράκιον,
564 969 658 1057 ὅπως
680 973 720 1043 ἀν
737 952 850 1069 ’ῥήτωρ
871 982 979 1066 γίνοιο
996 981 1053 1048 καί
1073 977 1112 1048 τδ
1133 1002 1148 1050 1

71 1080 285 1167 σεμνότατον
306 1083 406 1144 τοῦτο
427 1079 483 1143 καὶ
504 1076 668 1164 πάντιμον
685 1075 798 1165 ιἀνομα
825 1079 995 1170 σοφιστὴς·
1014 1076 1115 1161 αὐτὸς

71 1182 166 1253 εἶναι
185 1181 316 1262 δόξαις·
343 1176 471 1264 ἀβίωτα
487 1204 550 1269 γαρ
569 1176 654 1249 εἶναί
671 1205 726 1249 σοι
744 1180 824 1274 φῂς,
849 1181 880 1250 εί
895 1181 941 1271 μή
958 1183 1114 1270 τοιαύτην

72 1284 154 1355 τινά
172 1281 232 1372 τήν
251 1282 388 1367 δύναμιν
411 1283 607 1370 περιβάλοιο
630 1281 751 1364 ἐντοῖς
772 1284 896 1371 λόγοις,
920 1281 967 1366 ὥς
989 1281 1115 1372 ἄμαχον

74 1385 243 1457 εἶναικαὶ
261 1381 490 1452 ἀνυπόστατον
510 1387 566 1452 καί
588 1385 829 1471 θαυμάζεσθαι
849 1383 936 1472 πρὸς
958 1383 1116 1455 ἀπόντων

76 1493 136 1557 καὶ
159 1485 436 1573 ἀποβλέπεσθαι,
464 1486 757 1575 περισπούδαστον
780 1483 930 1572 ἀκουσμα
955 1501 1028 1569 τοῖς
1042 1484 1117 1557 Ἕλ-

78 1595 160 1681 λησι
177 1591 348 1658 δοκοῦντα.
383 1591 438 1655 καί
456 1587 495 1677 δή
513 1587 574 1669 τὰς
591 1586 764 1658 ἐπὶτοῦτο
783 1586 928 1679 ἀγούσας
946 1586 1044 1671 ὁδοὺς
1062 1589 1116 1658 αλ-

80 1700 169 1773 τινές
191 1696 276 1761 ποτέ
297 1691 381 1760 εἰσιν
403 1690 531 1771 ἐθέλεις
554 1690 722 1777 ἐκμαθεῖν.
759 1689 827 1760 ἀλλ’
843 1688 952 1773 οὐδείς
974 1693 1114 1781 φθόνος,
1178 1734 1181 1739 -

85 1786 114 1861 ὦ
133 1808 212 1877 παῖ,
229 1797 284 1864 καί
300 1794 447 1880 μάλιστα
464 1790 568 1861 ὁπότε
584 1799 657 1876 νέος
672 1820 724 1875 τις
742 1791 842 1875 αάτδς
860 1790 906 1863 ιδν
924 1791 1117 1885 ὀρεγόμενος

85 1903 154 1965 τῶν
176 1893 325 1986 ἀρίστων,
350 1893 409 1963 οὐκ
430 1893 526 1975 εἰδὼς
548 1892 679 1963 ὁπόθεν
700 1892 742 1965 ἀν
761 1903 867 1965 ταῦτα
890 1896 1114 1987 ἐκπορίσαιτο,

89 2000 178 2089 ἱερόν
202 2027 236 2067 τι
259 2005 369 2087 χρῆμα
389 1996 446 2085 τήν
469 1996 655 2088 συμβουλήν
677 1988 788 2080 οὖσαν,
815 2000 972 2086 καθάπερ
993 2003 1049 2068 καὶ
1074 1998 1115 2068 σὺ

84 2109 152 2185 νῦν,
176 2102 285 2189 αἰτοίη
303 2101 513 2189 προσελθών.
549 2096 635 2168 ὥστε
653 2096 765 2183 ἀκουε,
788 2102 826 2169 τό
843 2126 881 2189 γε
899 2098 950 2170 ἐπ’
966 2100 1040 2187 ἐμοὶ
1061 2104 1118 2170 καὶ
1190 2174 1194 2181 ,

87 2205 176 2273 πάνυ
195 2209 340 2293 θαρρῶν,
364 2199 410 2282 ὥς
426 2202 567 2285 τάχιστα
585 2199 691 2281 δεινδς
709 2199 789 2291 ἀνὴρ
808 2203 865 2291 ύσῃ
882 2209 1004 2289 γνῶναί
1019 2228 1056 2270 τε
1073 2201 1116 2269 τά

86 2305 208 2373 δέοντα
224 2308 283 2371 καλ
295 2304 488 2394 ἑρμηνεῦσαι
506 2301 589 2372 αὐτὰ
594 2355 604 2385 ,
623 2300 662 2392 ἢν
679 2301 717 2371 τὸ
735 2302 820 2388 μετὰ
836 2310 936 2372 τούτο
955 2303 1118 2394 ἐθελήσῃς

31 2486 32 2511 ρ
84 2405 189 2487 αὐτὸς
207 2405 353 2492 ἐμμένειν
370 2405 422 2487 οίς
440 2402 480 2474 ἀν
498 2402 640 2496 ἀκούσῃς
657 2402 735 2496 παρ’
746 2403 837 2496 ἡμῶν
853 2409 910 2474 καλ
924 2406 1118 2496 φιλοπόνως

84 2507 172 2578 αάτά
183 2514 322 2596 μελετᾶν
334 2512 389 2576 καί
402 2509 589 2599 προθύμως
603 2505 711 2577 ἀνύειν
723 2505 781 2598 τὴν
795 2505 872 2577 όδδν
886 2507 948 2577 ἔστ’
961 2506 1000 2578 ἀν
1014 2506 1117 2599 ἀφίκῃ

32 2626 33 2689 ἶ
84 2610 173 2699 πρὸς
189 2610 229 2680 τὸ
246 2616 359 2701 τέρμα.
386 2609 425 2679 τὸ
442 2613 501 2697 μὲν
515 2602 572 2679 οὖν
585 2611 724 2699 θήραμα
737 2608 775 2678 ού
787 2609 903 2697 μικρὸν
922 2608 994 2679 οὐδ’
1007 2608 1118 2699 ὀλίγης
1135 2631 1152 2679 2

85 2722 144 2803 τής
167 2714 316 2802 σπουδῆς
338 2714 505 2799 δεόμενον,
529 2709 598 2779 ἀλλ’
614 2710 665 2802 ἐφ’
686 2707 753 2802 ότῳ
774 2716 830 2780 καὶ
846 2719 991 2802 πονῆσαι
1008 2710 1118 2782 πολλὰ
1243 2734 1249 2739 ·

85 2820 142 2884 καὶ
160 2814 440 2910 ἀγρυπνήσαικαί
456 2822 524 2884 πᾶν
542 2812 653 2883 ὁτιοῦν
669 2811 847 2901 ύπομεῖναι
865 2811 967 2898 ἀξιον.
999 2815 1119 2884 σκόπει

87 2925 166 3006 γοῦν
188 2915 312 2986 ὁπόσοι
332 2923 415 2998 τέως
436 2916 475 2986 τὸ
496 2919 597 3008 μηδὲν
623 2912 714 2998 όντες
735 2916 861 3000 ἔνδοξοι
882 2921 938 2986 καί
960 2919 1119 2986 πλούσιοι
1227 2948 1236 2958 ’

87 3023 143 3087 καί
164 3017 201 3108 νὴ
225 3017 280 3088 Δί’
297 3008 521 3107 εὐγενέστατοι
547 3019 662 3102 ἔδοξαν
684 3016 753 3087 ἀπὸ
779 3026 845 3087 τῶν
871 3020 986 3106 λόγων.
1027 3015 1152 3104 ὅμως3

93 3122 129 3188 δὲ
152 3121 196 3210 μή
223 3122 336 3190 δέδιθι
360 3124 446 3211 μηδὲ
466 3120 552 3211 πρὸς
573 3121 612 3188 τὸ
637 3125 782 3207 μέγεθος
806 3127 872 3188 τῶν
898 3120 1118 3205 ἐλπιζομένων

90 3220 369 3314 ἀποδυσπετήσῃς
385 3231 523 3311 μυρίους
539 3221 632 3304 τινάς
648 3220 727 3302 τοὺς
748 3223 872 3302 πόνους
893 3221 1118 3310 προπονήσειν

91 3326 237 3413 οίηθείς·
262 3323 299 3395 οά
317 3328 380 3413 γάρ
400 3340 437 3395 σε
452 3327 607 3417 τραχεῖάν
623 3350 697 3393 τινα
715 3320 791 3392 σάδδ
808 3321 929 3414 δρθιον
946 3326 1002 3390 καλ
1020 3322 1121 3412 ἱδρῶ-

90 3454 146 3508 τος
161 3425 284 3516 μεστὴν
301 3425 396 3515 ἡμεῖς
412 3454 449 3516 γε
467 3425 595 3514 ἀξομεν,
615 3424 661 3509 ὥς
679 3425 714 3495 ἐκ
730 3431 832 3516 μέσης
850 3424 950 3516 αάτής
963 3423 1121 3516 ἀναστρέ·

90 3543 156 3617 ψαι
173 3530 330 3615 καμόντα,
350 3529 425 3599 ἐπεὶ
443 3527 536 3598 οάδὲν
554 3529 594 3598 ἀν
612 3532 806 3620 διεφέρομεν
823 3535 890 3597 τῶν
908 3525 1024 3612 ἀλλων,
1044 3523 1121 3595 όσοι
1217 3545 1224 3561 ’

92 3630 151 3719 τὴν
168 3634 296 3722 συνήθη
315 3631 436 3723 ἐκείνην
453 3629 610 3722 ἡγοῦνται
625 3630 753 3719 μακρὰν
773 3634 829 3699 καὶ
847 3628 967 3719 ἀνάντη
988 3632 1045 3696 καί
1062 3653 1120 3695 κα-

91 3733 239 3823 ματηρὰν
255 3739 311 3803 καί
329 3732 379 3816 ὥς
392 3734 450 3803 ἐπὶ
467 3735 505 3802 τδ
523 3733 616 3804 πολὺ.
628 3731 888 3823 ἀπεγνωσμένην.
924 3728 1008 3798 ἀλλά
1028 3730 1067 3796 τό
1085 3754 1122 3816 γε

92 3834 278 3926 παρῖήμιόν
296 3835 462 3927 ἐξαίρετόν
484 3862 540 3906 σοι
555 3840 822 3926 τήςσυμβουλής
843 3832 930 3903 τοῦτ’
946 3832 1043 3914 ἔστιν,
1068 3826 1123 3900 ότι
1194 3836 1209 3867 ‘

92 3937 227 4028 ἡδίστην
253 3965 290 4008 τε
316 3934 387 4026 ἀμα
411 3942 467 4007 καί
493 3938 745 4027 ἐπιτομωτάτην
769 3939 826 4003 καλ
854 3935 1042 4024 ἱππήλατον
1067 3938 1123 4003 καί
1252 3948 1255 3951 ’

93 4042 234 4185 κατῃντη
253 4041 436 4188 σὺνηπολλῇ
453 4049 493 4132 τῇ
511 4043 663 4131 θυμηδίᾳ
679 4044 735 4108 καὶ
751 4045 860 4129 τρυφῇ
879 4034 1123 4194 διδιΙλειμιόνων

166 4145 242 4188 τουτο
255 4144 316 4189 vom
338 4148 348 4186 :
524 4142 529 4154 ·
