2782 4574
273 195 339 265 174
658 204 913 261 Δονκιεαον
1376 258 1377 281 ,

273 311 304 382 δ’
321 303 363 380 αδ
381 310 500 401 φάναι,
520 306 614 379 ε(ἀλλ’
632 307 690 394 οόχ
709 306 836 395 ὁμοίως
851 306 1017 392 ένδοξοςό
1039 309 1166 400 τρόπος
1182 308 1293 398 γένοιτ’
1376 284 1377 303 ¹

273 413 313 485 ἀν
330 422 418 484 πᾶσι
433 412 542 494 κοινὸς
560 409 634 481 ow

219 543 255 592 ιο
327 523 435 587 Ταῦτα
451 517 510 601 μὲν
528 512 778 604 δι’ίλέξανδρος·
801 513 864 603 έγάι
884 514 920 582 δὲ
938 510 1009 581 οὐδ’
1022 510 1123 596 αάτδς
1135 514 1203 605 πρὸ
1216 520 1299 586 πολ
1377 542 1378 551 ’

272 624 338 690 λῶν
355 618 484 709 ῆμερολν
502 614 591 687 ιείδον
609 615 709 687 αὐτὸν
731 617 962 705 έγκεχριμένον,
988 614 1034 697 ὥς
1056 614 1300 709 ἀποδακρύσειε

271 729 319 811 τῷ
338 724 450 811 δριμεῖ
469 722 645 813 φαρμάκῳ.
681 719 776 811 δράς,·
800 718 838 788 οά
857 721 945 787 πάνυ
967 718 1047 801 τοὺς
1062 716 1299 807 ἀμβλυωποῦν-

271 851 332 906 τας
350 822 508 904 δΑίακδς
526 825 758 911 παραδέχεται.
786 819 903 909 όμοιον
917 819 963 903 ὥς
977 824 1010 891 εί
1023 848 1074 902 τις
1088 822 1147 891 ἀπὶ
1161 824 1301 916 σταυρὸν
1374 806 1379 897 λ

273 925 504 1015 ἀναβήσεσθαι
528 929 655 1012 μέλλων
681 924 721 995 τδ
749 924 783 993 ἐν
807 933 855 1012 τῷ
870 926 1031 1013 δακτύλῳ
1048 925 1301 1014 ’πρόσπταισμα
1378 938 1379 979 ³

272 1030 471 1116 θεραπεύοι.
507 1034 542 1098 τί
564 1054 620 1097 σοι
642 1031 734 1097 δοκεῖ
755 1025 773 1097 δ
792 1029 1011 1118 Δημόκριτος,
1036 1028 1067 1096 εἰ
1089 1034 1194 1095 ταῦτα
1217 1026 1300 1115 εἶδες

272 1129 340 1201 κατ’
353 1129 447 1214 ἀξίαν
464 1132 602 1219 γελάσαι
621 1128 661 1199 ἀν
679 1130 739 1200 έπλ
753 1137 801 1219 τῷ
824 1129 936 1220 ἀνδρίς
963 1137 1072 1199 καίτοι
1090 1132 1201 1199 πόθεν
1220 1129 1300 1217 εἶχεν

274 1234 395 1315 ἐκεῖνος
416 1241 575 1303 τοσοῦτον
601 1236 744 1321 γέλωτας
771 1231 812 1302 σὺ
840 1231 871 1302 δ’
892 1225 960 1315 ούν,
988 1225 1016 1300 ὦ
1043 1234 1195 1324 φιλότης,
1223 1237 1301 1321 γέλα

172 1412 175 1418 ,
272 1341 329 1406 καί
347 1336 456 1420 αάτδς,
474 1340 532 1406 καλ
547 1338 694 1423 μάλιστα
714 1333 841 1406 ὁπόταν
858 1342 924 1404 τιδν
938 1333 1045 1404 ἀλλων
1059 1333 1202 1425 ἀκούσῃς
1214 1343 1301 1404 θαν-

273 1441 443 1526 μαζόντων
462 1437 573 1509 αὐτόν.

649 1675 931 1746 ΔΡΑΠΕΤΑΙ.
961 1743 962 1746 ,

241 1872 256 1920 1
325 1862 511 1920 ΑΠΟΛΛΩΝ.
543 1844 664 1936 Ἀληθῆ
686 1848 791 1916 ταῦτά
814 1872 912 1938 φασι,
941 1849 1061 1937 πάτερ,
1091 1846 1137 1931 ὥς
1163 1848 1303 1936 ἐμβάλοι

274 1976 327 2032 τις
353 1957 463 2041 φέρων
492 1947 590 2019 αδτὸν
616 1949 650 2031 ἐς
674 1949 713 2018 τὸ
740 1958 807 2040 πῦρ
832 1956 1002 2020 κατέναντι
1018 1948 1213 2037 Ὀλυμπίων,
1240 1953 1303 2044 ῆδη
1380 1944 1381 1957 ’

274 2054 462 2142 πρεσβύτης
479 2050 670 2141 ἀνθρωπος,
690 2050 749 2122 ούκ
761 2050 894 2143 ἀγεννὴς
907 2051 1163 2140 θαυματοποιὸς
1175 2055 1218 2123 τά
1231 2082 1302 2125 τοι-

275 2163 376 2241 αῦτα,·
398 2152 418 2244 ῆ
436 2156 558 2245 Σελήνη
581 2155 643 2248 γὰρ
665 2154 742 2245 ῆμῖν
765 2158 909 2245 διηγεῖτο
932 2155 1015 2246 αάτῆ
1036 2156 1205 2249 ἑορακέναι
1223 2160 1302 2228 καό-

273 2284 370 2347 μενον
388 2261 538 2345 λέγουσα.
1143 2328 1149 2337 ,

325 2377 429 2434 ΖΕΥΣ.
455 2364 521 2430 Καὶ
534 2362 621 2430 πάνυ
637 2359 757 2450 ἀληθῆ,
778 2354 982 2432 ὦλίίτολλον·
991 2360 1047 2444 ,ὥς
1058 2364 1104 2453 μῆ
1117 2352 1202 2432 πότε
1214 2370 1305 2452 γενέ·

275 2471 361 2532 σθαι
380 2459 516 2552 ὤφελεν.

326 2581 442 2644 ΑΠΟΛ,
476 2560 567 2634 Ούτω
583 2567 724 2656 χρηστός
742 2564 760 2636 δ
777 2573 881 2658 γέρων
896 2554 936 2657 ῆν
952 2572 1008 2638 καὶ
1026 2567 1159 2659 ἀνάξιος
1173 2570 1207 2640 έν
1220 2575 1308 2659 παρέ

275 2665 484 2737 ἀπολωλέναι
491 2698 502 2750 ,·

325 2787 427 2843 ΖΕΥΣ.
463 2773 530 2839 Καὶ
547 2775 720 2858 τοῦτομὲν
737 2772 834 2854 ἰ’σως·
858 2770 927 2841 ἀλλ’
943 2774 1006 2863 έγώ
1024 2774 1148 2864 πολλὴν
1165 2773 1223 2864 τῆν
1243 2773 1309 2865 ἀη-

275 2875 348 2943 δίαν
373 2880 539 2962 μέμνημαι
566 2872 787 2962 ἀνασχόμενος
812 2877 887 2945 τότε
912 2876 980 2946 ἀπὸ
1006 2883 1117 2967 κνίσης
1142 2882 1307 2968 πονηρᾶς,

276 2977 349 3045 οἵαν
368 2975 454 3057 εἰκὸς
472 2974 710 3070 ἀποφέρεσθαι
727 2977 928 3065 ὀπτωμένων
949 2978 1169 3071 ἀνθρωπείων
1188 2983 1312 3067 σωμά-

273 3105 348 3148 των.
386 3080 416 3148 εί
431 3087 509 3169 γοῦν
531 3081 576 3171 μῆ
599 3081 633 3163 ές
653 3080 712 3171 τὴν
725 3079 876 3173 Ἀραβίαν
894 3081 940 3164 ιδς
958 3080 1043 3168 είχον
1065 3082 1168 3164 εὐθὺς
1190 3082 1311 3153 ἀπιὼν

274 3180 412 3273 ᾠχόμην,
433 3182 627 3257 ἀπωλώλείν
645 3182 693 3267 ἀν,
714 3177 853 3268 εύίσθι,
874 3184 1072 3276 ἀτοπίφτοῦ
1086 3193 1228 3255 καπνοῦ·
1248 3191 1311 3255 καλ

274 3282 365 3373 ὅμως
390 3285 424 3355 έν
448 3288 592 3377 τοσαύτη
620 3285 742 3377 οάωδίφ
766 3291 823 3357 καὶ
849 3286 1001 3379 ἀφθονίᾳ
1025 3296 1091 3357 τῶν
1117 3286 1311 3379 ἀρωμάτων

274 3393 329 3457 καλ
347 3388 380 3457 ἓν
398 3393 568 3479 λιβανωτῷ
585 3392 774 3480 παμπόλλῳ
796 3390 893 3478 μόλις
911 3392 947 3460 αί
968 3394 1054 3482 ῥῖνές
1070 3392 1313 3479 ἐπιλαθέσθαι

273 3518 333 3580 μοι
350 3495 406 3561 καί
422 3491 616 3579 ἀπομαθεῖν
633 3492 756 3582 ῆθελον
771 3493 830 3583 τῆν
846 3497 963 3584 κηλῖδα
981 3495 1103 3584 ἐκείνην
1114 3502 1173 3584 τῆς
1186 3492 1310 3585 δομῆς,

274 3593 358 3664 ἀλλὰ
375 3599 431 3665 καί
447 3605 502 3665 νῦν
520 3593 632 3684 ὀλίγον
651 3597 715 3664 δέω
732 3605 866 3666 ναυτιᾶν
882 3594 1113 3686 ὑπομνησθεὶς
1130 3596 1241 3687 αὐτῆς.

238 3719 255 3771 2
324 3717 436 3773 AIIOA.
474 3706 513 3769 Τί
530 3700 566 3767 δὲ
582 3700 793 3786 βουλόμενος,
819 3691 941 3784 ὦΖεῦ,
965 3708 1104 3775 τοιαῦτα
1129 3701 1312 3791 εἴργασται

274 3802 407 3888 ἕαυτάνς
429 3799 451 3891 ἢ
468 3810 502 3871 τί
517 3799 557 3872 τὸ
576 3800 715 3891 ἀγαθὸν,
735 3801 1046 3894 ἀπανθρακωθῆναι
1063 3803 1253 3889 ἐμπεσόντα
1274 3802 1313 3882 ές

246 3928 249 3933 ·
273 3905 331 3996 τῆν
348 3907 474 3993 πορόν,·

324 4025 428 4103 ΖΕΥΣ.
467 4016 569 4080 Τοῦτο
586 4012 645 4097 μὲν
663 4008 722 4080 οόκ
740 4007 788 4093 ἀν,
810 4002 928 4093 ὦπαῐ,
948 4010 1097 4100 φθάνοις
1112 4010 1168 4077 καὶ
1182 4006 1316 4096 Ἔμπε-
