2748 4572
316 240 380 295 LX.
406 235 777 295 ΨΕῩΔΟΛΟΓΙΣΤΗΣ
801 239 922 296 11-17.
1097 229 1140 295 ’Π

97 346 141 416 τά
164 337 244 413 ὦτα.
290 341 354 431 ἐγὼ
379 344 429 424 δέ,
455 333 666 428 ὦβίλτιοτε,
690 342 777 433 πρὸς
797 345 856 429 μὲν
874 345 912 412 οδ
933 344 1016 425 ἰ’σως
1033 352 1140 419 ταῦτα
1200 436 1204 439 ¹

96 451 178 535 περὶ
193 453 254 515 σοῦ
269 445 374 515 εἰπὼν
386 442 547 535 ἥμαρτον·
566 483 608 494 -
626 444 720 535 ἐχρῆν
732 445 794 536 γὰρ
809 446 901 536 ἐχρῆν
914 445 998 515 κατὰ
1011 447 1054 516 τὰ
1066 462 1139 517 Πα-

44 574 47 585 ’
97 552 275 641 φλαγόνων
297 546 320 638 ῆ
342 550 580 617 Καππαδοκῶν
601 546 623 636 ἢ
644 556 815 635 Βακτρίων
840 550 968 638 πάτρια
991 552 1139 639 διαλέγε-

98 660 188 723 σθαί
206 678 275 735 σοι,
303 650 349 732 ὠς
367 651 530 737 ἐκμάθοις
547 649 590 720 τὰ
605 653 765 739 λεγόμενα
785 655 842 720 καὶ
860 656 914 721 σοὶ
938 650 1067 722 ἀκούειν
1086 655 1138 743 ε’ίη

97 754 181 846 ῆδέα
191 795 230 805 -
247 768 321 835 τοῖς
335 752 367 823 δ’
378 752 656 844 ἀλλοιςἝλληοιν,
673 752 776 840 οἶμαι,
791 753 868 824 καθ’
880 753 1019 824 Ἐλλάδα
1031 760 1138 843 γλιῦτ-
1170 832 1178 846 ,

20 888 21 891 ¹
98 885 158 927 ταν
182 871 330 926 συνεῖναι
349 859 422 948 χρῆ.
467 856 540 937 εἶτα
561 861 618 926 καὶ
639 865 706 927 τῶν
724 856 874 926 Ἀττικῶν
895 857 980 927 κατὰ
999 860 1140 946 χρόνους

99 959 192 1040 τινὰς
211 959 322 1028 πολλὰ
335 958 561 1051 ἐντρεψάντων
573 967 630 1050 τῆς
644 958 752 1028 αὑτῶν
766 969 887 1050 φωνῆς,
906 969 1005 1030 τοῦτο
1021 962 1054 1030 ἐν
1067 975 1141 1041 τοῖς

99 1066 249 1150 μάλιστα
266 1059 411 1147 τούνομα
431 1065 609 1132 διετέλεσεν
624 1061 729 1144 ούτως
743 1060 864 1160 ἀείκαὶ
878 1063 964 1154 πρὸς
982 1062 1140 1134 ἀπάντων

100 1165 211 1234 ούτιῦν
229 1169 413 1253 λεγόμενον.
449 1163 544 1234 εἷπον
563 1164 603 1234 ἀν
620 1170 675 1234 καὶ
693 1165 770 1246 τοὺς
787 1166 855 1256 πρὸ
875 1165 966 1254 ἡμῶν
983 1172 1138 1256 κεχρημέ-
1156 1190 1189 1239 15

99 1296 176 1349 νοος
194 1275 243 1356 τῷ
263 1267 409 1353 ὀνόματι,
429 1267 516 1357 εἰμὴ
530 1269 700 1357 καὶταύτῃ
716 1292 753 1335 σε
767 1270 976 1358 διαταράξειν
991 1271 1134 1356 ἐμελλον,
1152 1354 1156 1359 ν

101 1375 178 1453 ξένα
197 1397 253 1438 σοι
270 1375 327 1438 καὶ
345 1369 497 1458 άγνωοτα
514 1377 664 1459 ποιητῶν
686 1374 742 1438 καὶ
759 1372 907 1460 ρητόρων
923 1375 980 1439 καὶ
997 1398 1139 1460 συγγρα-

18 1498 19 1501 ¹
102 1480 194 1564 φέων
214 1472 361 1558 ὀνόματα
378 1474 520 1563 διεξιών.
560 1477 685 1561 μᾶλλον
704 1475 740 1541 δέ
758 1470 817 1541 οδκ
836 1473 899 1562 ἐγώ
919 1498 975 1543 σοι
996 1473 1074 1553 τοὺς
1092 1473 1140 1541 εί-

18 1618 20 1639 .
101 1578 229 1656 πάντας
244 1575 308 1663 ἐρῶ
320 1615 364 1624 -—
376 1578 499 1656 πάντες
511 1575 573 1664 γὰρ
588 1577 700 1645 ἰ’σασιν
714 1615 755 1626 -
770 1572 854 1644 ἀλλὰ
872 1577 912 1644 σύ
930 1602 989 1660 μοι
1003 1575 1058 1644 ἕνα
1071 1583 1138 1645 τῶν

100 1680 211 1747 πάλαι
229 1679 339 1775 δείξας
356 1677 395 1747 ού
413 1685 605 1768 κεχρημένον
623 1686 670 1767 τῷ
689 1676 829 1765 όνόμοτι
843 1686 998 1769 χρυσοῦς,
1023 1682 1135 1767 φασὶν,

102 1782 136 1850 ἐν
151 1779 310 1869 Ὀλυμπίᾳ
328 1783 484 1870 στάθητι.
520 1792 628 1852 καίτοι
647 1778 740 1863 ὅστις
757 1788 860 1870 γέρων
879 1778 924 1850 ιδν
941 1784 998 1849 καὶ
1015 1780 1153 1872 ἀφῆλιξ-

101 1885 144 1952 τά
162 1891 303 1952 τοιαῦτα
321 1883 441 1971 ἀγνοεῖ,
462 1885 553 1951 δοκεῖ
567 1911 628 1969 μοι
644 1889 700 1952 καὶ
718 1881 917 1973 ότιᾌδῆναι
933 1884 1033 1964 πόλις
1051 1885 1139 1953 ἐστὶν

105 1987 139 2055 ἐν
161 1994 201 2076 τῆ
217 1984 341 2076 Ἀττικῇ
363 1990 420 2054 καὶ
440 1985 609 2075 Κόρινθος
631 1985 689 2054 ἐπὶ
709 1994 756 2074 τῷ
775 1984 901 2074 Ἰσδμῴ
922 1990 978 2054 καὶ
998 1989 1137 2077 Σπάρτη

103 2089 137 2156 ἐν
154 2097 194 2178 τῆ
212 2092 454 2179 Πελοποννήσῳ
473 2089 518 2178 μὴ
538 2091 669 2157 εἰδέναι.

155 2190 285 2260 Λοιπὸν
303 2193 385 2272 ἰ’σως
403 2191 504 2260 ἐκεῖνό
525 2216 580 2260 σοι
593 2195 705 2278 λέγειν,
726 2189 772 2271 ὥς
784 2189 822 2258 τὸ
840 2191 899 2276 μὲν
914 2187 1018 2276 όνομα
1035 2189 1135 2279 ᾔδεις,
1157 2215 1189 2265 16

103 2293 163 2382 τῆν
187 2295 222 2361 δὲ
240 2301 354 2383 χρῆσιν
377 2292 478 2363 αδτοῦ
502 2292 548 2375 ὥς
570 2292 706 2384 ἀκαιρον
726 2291 865 2383 ῆτιάοω.
911 2299 992 2382 φέρε
1020 2293 1059 2381 δὴ
1081 2297 1137 2361 καὶ

16 2474 17 2495 η
103 2394 188 2483 ὑπὲρ
210 2399 329 2477 τούτου
352 2397 439 2483 πρδς
461 2400 499 2465 οδ
521 2394 784 2485 ἀπολογήσωμαι
809 2394 852 2463 τά
878 2395 1003 2480 εἰκότα,
1032 2395 1072 2465 σὺ
1101 2392 1138 2465 δέ
1254 2482 1259 2487 ι

16 2540 17 2549 1
104 2500 246 2585 πρόσεχε
262 2499 319 2567 τὸν
336 2507 420 2582 νοῦν,
441 2500 471 2567 εί
483 2499 528 2587 μῆ
542 2501 630 2568 πάνυ
650 2498 760 2588 ὀλίγον
778 2524 834 2567 σοι
849 2501 942 2583 μέλει
958 2506 1018 2567 τοῦ
1036 2500 1138 2588 μηδὲν

16 2612 17 2617 ’
105 2603 235 2695 εἰδέναι.
265 2603 298 2668 οἱ
310 2603 417 2669 πάλαι
431 2602 539 2670 πολλὰ
552 2611 693 2672 τοιαῦτα
703 2601 771 2690 πρὸ
784 2600 877 2692 ἡμῶν
896 2598 1087 2691 ἀπέρριψαν
1104 2601 1137 2679 ἐς

16 2700 17 2719 ³
103 2703 179 2784 τοὺς
198 2708 254 2772 σοί
269 2702 405 2788 ὁμοίους
419 2704 552 2774 ἕκαστοι
567 2703 649 2786 τοὺς
657 2707 734 2774 τότε
746 2745 790 2756 -
802 2696 885 2793 ἦσαν
897 2703 958 2794 γὰρ
977 2707 1032 2770 καὶ
1050 2704 1136 2785 τότε,

16 2812 17 2841 ¹
104 2805 148 2886 ὡς
160 2806 199 2874 τδ
215 2805 312 2888 εἰκὸς,
331 2808 485 2892 βδελυροί
496 2818 581 2888 τίνες
595 2808 628 2887 ές
641 2807 683 2876 τὰ
696 2807 766 2898 ἤδη
780 2811 836 2879 καὶ
847 2810 964 2895 μιαροὶ
977 2811 1031 2873 καὶ
1040 2830 1139 2872 κακο-

103 2912 200 2996 ῆδεις
218 2908 276 2977 τὸν
294 2911 419 2996 τρόπον
438 2950 480 2962 -
495 2916 554 2980 καὶ
571 2911 589 2980 ὁ
604 2913 663 2996 μὲν
676 2912 839 3001 κόθορνόν
851 2937 926 2979 τινα
944 2906 1035 2978 εἶπεν
1050 2910 1140 2978 είκά-
1161 2910 1165 2921 ’

16 3036 17 3039 ¹
104 3037 162 3091 σας
182 3010 284 3080 αύτού
301 3012 359 3086 τὸν
375 3021 449 3099 βίον
468 3012 655 3104 ἀμφίβολον
674 3012 753 3083 όντα
774 3027 845 3094 τοῖς
866 3015 1032 3093 τοιούτοις
1053 3010 1140 3081 ἀπο-

103 3116 255 3203 δῆμασιν,
276 3112 294 3183 δ
313 3117 350 3184 δὲ
366 3118 511 3206 τορύνην,
532 3113 586 3185 ότι
602 3116 662 3196 τάς
681 3116 850 3204 ἐκκλησίας
868 3117 1077 3206 θωροβώδης
1092 3113 1138 3183 ὢν

103 3220 210 3343 ρῆτωρ
231 3217 457 3309 ἐπετάραττεν,
483 3217 557 3310 δδέ
575 3220 727 3307 ἑβδόμην,
753 3215 806 3286 ὅτι
825 3215 938 3308 ὥσπερ
963 3218 996 3285 ολ
1017 3219 1138 3297 παῖδες

102 3345 135 3386 εν
151 3329 233 3399 ταῖς
247 3321 406 3407 ἑβδόμαις
427 3320 575 3403 κάκεῖνος
598 3323 630 3390 ἐν
651 3335 726 3402 ταῖς
744 3320 928 3410 ἐκκλησίαις
951 3320 1065 3402 ’έπαιζε
1082 3323 1139 3388 καὶ

103 3424 233 3509 διεγέλα
258 3428 314 3491 καὶ
340 3424 481 3493 παιδιὰν
506 3424 655 3494 ἐποιεῖτο
681 3423 739 3513 τῆν
763 3422 910 3513 οπονδῆν
932 3431 991 3492 τοῦ
1020 3425 1137 3513 δῆμον.

100 3525 146 3615 μὴ
166 3517 309 3613 δῷς-οὗν
326 3525 439 3613 κάμοὶ,
459 3529 545 3617 πρὸς
558 3526 744 3610 Ἀδώνιδος,
769 3528 901 3595 εἰκάσαι
918 3530 1139 3616 παμπόνηρον

46 3672 51 3679 ’
102 3624 295 3716 ἄνθρωπον,
316 3627 432 3719 άπάση
450 3624 548 3721 κακίᾳ
567 3633 760 3723 σύντροφον,
779 3628 885 3721 ῆμέρρὶ
904 3633 1067 3721 δυσφήμῳ
1082 3633 1138 3697 καὶ

101 3725 274 3817 άπαισίῳ,·
299 3729 395 3819 ἡμεῖς
414 3736 449 3800 δέ
466 3733 621 3815 καὶτοὺς
641 3733 768 3818 χωλοὺς
789 3742 836 3822 τῷ
860 3738 957 3822 δεξιῷ
981 3732 1137 3818 ἐκτρεπό-
1157 3755 1188 3802 17

100 3840 208 3915 μεθα,
233 3837 288 3901 καὶ
305 3837 452 3920 μάλιστα
470 3839 501 3904 εἰ
518 3838 624 3905 ἐωδεν
645 3839 774 3922 ἰ’δοιμεν
793 3835 928 3915 αύτούς·
955 3833 1015 3903 κάν
1037 3836 1071 3903 εἴ
1084 3862 1137 3916 τις
1213 3845 1224 3852 “

98 3937 245 4024 βάκηλον
262 3934 283 4025 ῆ
302 3935 453 4022 εδνοῦχον
471 3938 578 4028 ἰ’δοιῆ
600 3932 746 4027 πίθηκον
768 3936 871 4019 εάθδς
894 3938 989 4021 ἐξιιδν
1010 3945 1069 4026 τῆς
1087 3939 1138 4007 οέ-

82 4043 188 4121 ’κίας,
212 4039 272 4107 ἐπὶ
289 4043 381 4110 πόδα
400 4041 599 4135 ἀναστρέφει
615 4046 672 4111 καλ
691 4042 903 4132 ἐπανέρχεται
926 4040 984 4111 οδκ
1005 4041 1139 4130 ἀγαθάς
