2748 4572
232 212 275 288 16
617 232 873 290 Λοοαῑκοον
974 224 982 269 ²
1367 294 1368 319 η

229 344 418 430 θεραπείας
434 336 526 419 τινάς
544 330 679 419 ἕκαστος
699 336 951 425 ὑποβάλλοντες.
986 336 1004 406 5
1021 345 1098 426 γοῦν
1116 342 1263 432 Κλεόδη-
1367 352 1368 403 ζ

192 482 197 490 =
230 468 303 530 μος,
314 438 370 510 “el
381 447 498 524 τοίνυν
498 437 519 465 '²
536 444 628 530 φησὶ,
640 437 704 531 “τῇ
718 439 876 532 ἀριστερᾷ
888 467 939 522 τις
948 437 1142 527 ἀνελόμενος
1153 450 1263 529 χαμᾶ-

231 553 294 614 θεν
308 543 365 615 τὸν
383 541 559 613 ὀδόντα
519 570 577 632 της
593 539 798 632 μυγαλῆς“
758 569 844 611 ουτω
858 545 1092 668 φονευθείσης,
1114 541 1160 624 ῶς
1177 571 1263 715 προ·
1367 546 1368 635 λ

233 643 340 730 εῖπον,
361 646 523 735 ἐνδήσειεν
537 645 571 726 ἐς
584 646 688 734 δέρμα
705 643 928 733 λέοντοςάρτι
934 642 1222 772 άποδαρίντοςί
1190 673 1263 715 ετσ
1367 624 1368 709 λ

230 750 411 839 περιάψειε
433 746 574 836 περὶτα
597 751 706 837 σκέλη,
735 745 862 815 αὐτίκα
873 749 1017 817 παύεται
1030 747 1075 817 τὸ
1100 744 1260 837 άλγημα.υ

226 849 358 932 “οόκές
371 846 529 932 monog?
546 849 608 939 εφη
624 848 863 935 όΔεινόμαχος,
879 847 1003 938 ἐγω
980 875 1115 944 ηκουσα,
1135 851 1260 940 ἐλάφου
1367 820 1368 923 5

194 1016 195 1027 ,
230 955 442 1042 δέίθηλεας,
467 953 520 1020 ’ότι
542 955 791 1078 παρθέηουκαλ
813 951 950 1039 ἀβάτου.
986 952 1100 1021 καὶτὸ
1124 960 1262 1043 πρᾶγμα

233 1052 320 1124 οότω
338 1056 584 1141 πιθανώτερον·
613 1053 678 1123 ῶκό
701 1054 762 1145 γὰρ
781 1083 801 1144 η
789 1053 942 1145 (ἔλαφος
962 1054 1054 1122 καί”
1036 1081 1177 1143 ερρωται
1196 1057 1262 1142 μά-

233 1161 330 1226 λιστα
353 1156 388 1225 ἐκ
408 1161 474 1228 τῶν
495 1159 620 1226 ποδῶν.
660 1184 701 1225 κα
704 1156 862 1226 ίόλέων
888 1154 1025 1243 άλκιμος
1045 1160 1119 1243 μέν,
1141 1161 1197 1225 καὶ
1221 1144 1285 1226 τὸΙ

232 1263 332 1341 λίπος
358 1257 459 1328 αότοῦ
485 1258 581 1348 καὶὴ
606 1264 676 1348 χεὶρ
703 1257 723 1351 ἦ
751 1260 842 1342 δεξιὰ
868 1263 924 1327 καὶ
950 1260 986 1327 αἱ
1010 1266 1118 1350 τρίχες
1143 1259 1177 1327 ἐκ
1201 1267 1261 1329 τοῦ

232 1364 393 1449 πώγωνος
410 1363 447 1429 αί
465 1360 568 1453 όρθαὶ
589 1364 716 1450 μεγάλα
738 1359 875 1430 δύναιντ’
888 1359 944 1445 ῶν,
971 1363 1005 1431 εἴ
1018 1390 1069 1443 τις
1087 1362 1261 1450 ἐπίσταιτο

128 1480 130 1484 “
233 1463 349 1546 αὐτοῖς
364 1472 513 1554 χρῆσθαι
524 1464 608 1551 μετὰ
625 1474 683 1555 τῆς
701 1466 822 1545 οἰκείας
841 1465 972 1553 ἐπῳδῆς
986 1465 1126 1554 ἑκάστῳ,
1146 1466 1261 1533 ποδῶν

233 1570 270 1635 δέ
291 1569 382 1636 ἰἀσιν
402 1564 520 1657 ἥκιστα
544 1565 806 1656 ἐπαγγέλλεται.”
840 1565 920 1634 ί(καί
944 1563 1076 1659 αότὸςζῗ
1098 1558 1121 1656 ἦ
1140 1564 1171 1634 δ’
1187 1564 1261 1646 ὃςό
1367 1558 1368 1635 ᾗ

234 1670 438 1757 Κλεόδημος,
463 1665 573 1738 ε(οὕτω
596 1672 703 1738 πάλαι
726 1669 917 1765 ἐγίγνωσκον
940 1669 1065 1760 ἐλάφου
1085 1676 1202 1759 χρῆναι
1222 1669 1262 1737 τὸ
1367 1718 1368 1751 5

232 1774 337 1861 δέρμα
360 1769 457 1854 εἶναι,
483 1773 570 1840 διότι
589 1770 654 1867 ῶκὺ
678 1773 809 1861 ἐλαφος.
829 1776 830 1780 ’
848 1771 979 1860 ἐναγχος
1002 1775 1038 1840 δέ
1054 1779 1160 1859 Λίβυς
1182 1769 1261 1867 ἀνὴρ
1367 1816 1368 1819 =

233 1874 342 1964 σοφός
361 1873 558 1943 τὰτοιαῦτα
580 1877 771 1960 μετεδίδαξέ
790 1901 831 1961 με
850 1874 954 1943 εἰπῶν
976 1872 1156 1962 ὠκυτέρους
1177 1871 1262 1943 εἶναι

211 1976 299 2044 ’τῶν
325 1975 458 2066 ἐλάφων
483 1975 560 2057 τοὺς
587 1980 727 2058 λέοντας.
773 1975 899 2063 άμίλει,
930 1976 1006 2067 ἐφη,
1033 1981 1090 2045 καὶ
1112 1978 1262 2069 οιίροῦσιν

233 2076 337 2159 αότὰς
355 2077 557 2160 διιόκοντες.”
587 2078 747 2170 ἐπῄνεσαν
763 2081 796 2148 οί
813 2080 975 2167 παρόντες
995 2077 1040 2160 ῶς
1054 2071 1089 2147 εὖ
1109 2080 1263 2159 εἰπόντος

232 2188 291 2248 τοῦ
309 2187 444 2267 Λίβυος.

198 2308 215 2357 8
281 2281 360 2371 Ἐγῶ
372 2286 416 2367 δὲ,
433 2281 674 2375 “ο’ίεσθ,εγὰρ,”
695 2286 785 2374 ἐφην,
802 2282 1056 2373 “ἐπφδαῖς,’τισι
1068 2283 1110 2351 τδι
1123 2292 1265 2352 τοιαῦτα

233 2385 408 2454 παύεσθαι
429 2385 451 2477 ἢ
471 2402 542 2468 τοῖς
565 2388 690 2470 ἐξωθεν
712 2388 949 2474 παραρτήμασι
969 2393 1028 2453 τοῦ
1050 2392 1149 2451 κακοῦ
1172 2385 1275 2452 ἐνδον»

234 2487 497 2578 διατρίβοντος,·”
518 2489 673 2577 ἐγέλασαν
692 2487 749 2555 ἐπὶ
765 2495 813 2575 τῷ
827 2489 913 2575 λόγῳ
927 2512 991 2572 μου
1004 2489 1061 2552 καὶ
1075 2487 1168 2574 δῆλοι
1180 2477 1265 2575 ἦσαν

231 2593 469 2678 κατεγνωκότες
490 2617 553 2676 μου
576 2587 700 2677 πολλὴν
721 2588 783 2676 τὴν
801 2584 924 2671 άνοιαν,
948 2587 1021 2656 ἐπεὶ
1043 2586 1087 2676 μὴ
1112 2587 1265 2657 ἐπισταί-

232 2721 296 2782 μην
317 2693 360 2763 τὰ
382 2694 614 2784 προδηλότατα
634 2696 690 2758 καί
712 2694 790 2780 περὶ
813 2681 858 2758 ῶν
881 2688 920 2759 άν
943 2684 1051 2779 οόδείς
1073 2682 1109 2759 εὗ
1131 2698 1264 2781 φρονῶν

232 2794 385 2865 ἀντείποι
402 2793 446 2882 μὴ
468 2792 539 2877 οόχί
563 2790 668 2874 οότως
691 2794 784 2878 ἐχειν.
821 2791 839 2861 5
862 2798 974 2878 μέντοι
996 2792 1110 2883 ίατρδς
1123 2790 1266 2881 Ἀντίγο·

232 2924 288 2978 νος
314 2897 421 2964 ἐδόκει
446 2921 505 2979 μοι
531 2893 678 2984 ἡσθῆναι
703 2904 742 2986 τῇ
770 2895 928 2985 ἐρωτήσει
952 2916 1032 2981 μου
1068 2899 1176 2964 πάλαι
1200 2894 1263 2985 γὰρ

231 2997 398 3088 ἠμελεῖτο,
429 2994 535 3082 οἶμαι,
563 3005 702 3085 βοηθεῖν
726 2997 827 3080 ἀξιῶν
848 3005 895 3087 τῶ
917 2996 1080 3089 Εὐκράτει
1101 2996 1184 3084 μετὰ
1204 3003 1264 3085 τῆς

161 3160 165 3168 l
187 3145 194 3152 -
231 3107 345 3189 τέχνης
367 3100 457 3190 οίνογ
475 3126 512 3168 τε
529 3104 762 3192 παραγγέλλων
780 3099 970 3184 ἀπέχεσθαι
987 3104 1043 3169 καί
1064 3100 1187 3184 λάχανα
1210 3123 1262 3167 συ

110 3202 114 3209 ’
231 3211 370 3274 τεῖοθαι
386 3206 443 3271 καὶ
461 3200 546 3284 όλως
563 3201 717 3294 όφαιρεῖν
733 3210 794 3272 τοῦ
811 3203 919 3272 τόνου.
951 3202 969 3273 5
987 3211 1064 3292 γοῦν
1072 3203 1264 3291 Κλεόδημος

229 3306 438 3397 ὑπομειδιῶν
456 3302 535 3391 άμα,
551 3304 610 3375 “vl
626 3303 763 3395 λέγεις,”
784 3306 857 3397 ἐφη,
868 3298 926 3401 Ι“ῶ
942 3307 1098 3394 Τυχιάδης
1120 3301 1264 3373 άπιστον
1367 3300 1368 3325 ¹

195 3409 197 3412 ⁴
231 3407 319 3476 είναί
348 3433 404 3476 σοι
434 3410 525 3477 δοκεῖ
552 3408 590 3477 τὸ
622 3408 657 3477 ἐκ
685 3416 751 3478 τῶν
780 3409 940 3478 τοιούτων
968 3415 1143 3496 γίγνεσθαί
1171 3432 1264 3486 τινας
1317 3443 1328 3453 -

232 3509 398 3601 ὠφελείας
415 3509 449 3590 ἐς
465 3509 507 3579 τά
524 3508 732 3599 νοσήματα,·”
757 3507 930 3599 “ἐ’μοιγε,”
950 3501 989 3600 ἦν
1008 3508 1039 3578 δ’
1056 3508 1129 3598 ἐγὼ,
1144 3505 1200 3576 “el
1217 3506 1263 3595 μὴ
1281 3540 1288 3562 =

232 3614 321 3682 πάνυ
346 3611 405 3702 τὴν
431 3615 506 3704 ῥῖνα
531 3614 666 3703 κορύζης
695 3612 816 3700 μεστὸς
842 3615 924 3702 ε’ίην,
954 3608 1000 3692 ῶς
1025 3609 1194 3681 πιοτεόειν
1219 3610 1265 3678 τὰ
1367 3648 1368 3651 ¹

232 3717 298 3798 ἐξω
319 3717 374 3784 καί
395 3717 497 3805 μηδὲν
513 3723 729 3786 κοινωνοῦντα
746 3729 818 3795 τοῖς
839 3715 974 3784 ἐνδοθεν
992 3713 1199 3804 ἐπεγείρουσι
1220 3710 1265 3780 τδι

232 3819 403 3907 νοσήματα
424 3817 508 3903 μετὰ
530 3821 709 3908 ῥηματίων,
734 3815 781 3900 ῶς
802 3843 901 3907 φατε,
925 3821 981 3885 καί
1001 3823 1153 3905 γοητείας
1174 3814 1266 3896 τινὸς

151 3999 154 4005 ,
198 3944 201 3949 ·
235 3919 373 4007 ἐνεργεῖν
389 3924 444 3987 καὶ
460 3918 519 4011 τὴν
535 3923 625 3990 ίασιν
643 3920 845 4005 ἐπιπέμπειν
863 3919 1135 4009 προσαρτώμενα.
1169 3915 1210 3986 τὸ
1228 3913 1262 3984 δ’

232 4017 294 4089 οόκ
311 4017 349 4090 άν
366 4027 501 4109 γίνοιτο,
523 4021 594 4092 οὐδ’
610 4021 648 4111 ἢν
667 4024 700 4103 ἐς
716 4028 776 4091 τοῦ
793 4029 934 4108 Νεμείου
954 4025 1083 4102 λέοντος
1100 4020 1139 4089 τὸ
1158 4022 1266 4108 δέρμα
