2792 4580
227 242 366 299 Lxxffl.
384 241 403 279 υ
420 241 754 298 ΔΗΜσΣεπσοΥΣ
769 242 924 298 nrm.
944 242 1065 296 ιτ-νν.
1104 227 1170 295 245
1194 212 1204 243 “

133 348 288 429 στόλους,
308 343 465 431 Εὔβοιάν,
489 353 637 434 Μέγαρα,
662 346 722 435 τήν
738 353 913 428 Βοιωτίαν,
936 351 1029 428 Χίον,
1049 342 1166 428 Ῥόδον,

130 449 190 520 τὸν
210 449 455 538 Ἑλλήσποντον,
479 451 667 531 Βυζάντιον,
689 447 747 517 σίκ
764 449 848 533 ἐ’χεις
866 446 947 517 ὅποι
964 446 1021 535 τήν
1038 451 1167 537 μνῶμην

133 551 315 640 άπσκλίνης
338 555 666 640 συμπεριφερόμενος
687 566 758 631 τοῖς
776 553 1063 641 πλεονεκτήμασιν.
1102 549 1169 618 ῶσ-
1188 572 1220 621 19

132 681 200 742 περ
224 645 282 722 σάν
300 651 318 721 ὃ
336 655 502 744 Πίνδαρος
520 655 578 722 ἐπὶ
594 654 704 722 πολλὰ
722 663 769 743 τῶ
787 663 832 744 νῷ
850 655 1058 744 τραπόμενος
1081 649 1168 722 οὕτω

132 782 211 836 πως
228 755 403 847 ἠπόρηκεν,
448 788 451 795 ’

261 857 416 948 Ἰσμηνὸν,
437 856 458 947 ή
473 860 720 948 χρυσαλάκατον
737 863 870 943 Μελίαν,

262 960 447 1048 ἢΚάάμον,
467 960 489 1051 ή
508 969 664 1048 σπαρτῶν
684 962 770 1051 ἱερὸν
787 969 879 1051 γένυς
897 959 1034 1053 ἀνδρῶν,

264 1061 363 1153 ήτὰν
380 1065 598 1149 κυανάμπυκα
618 1067 735 1153 θήβαν,

262 1164 284 1256 ή
301 1166 340 1235 τὸ
359 1169 548 1253 πάντολμον
566 1175 687 1248 σθένος
702 1167 886 1258 Ἡρακλέος,

259 1267 283 1357 ἢ
300 1268 361 1338 τὰν
378 1260 550 1338 Διωνύσου
570 1276 768 1358 πολυγαθέα
786 1271 895 1356 τιμὰν,

261 1370 283 1460 ἢ
301 1374 405 1459 γάμον
422 1377 619 1441 λευκωλένου
635 1372 805 1461 Ἁρμονίας
821 1373 1022 1461 όμνήσομενς

132 1472 256 1544 σότωσὶ
275 1477 382 1542 δὲκαὶ
401 1474 441 1542 σὺ
460 1474 578 1543 ταύτὸν
597 1477 705 1556 έοικας
724 1473 871 1566 άπορεῐν,
896 1478 994 1564 λόγον
1016 1473 1039 1563 ή
1056 1475 1169 1564 βίονή

130 1576 304 1669 ῥητορικήν
326 1574 348 1666 ή
371 1582 576 1667 φιλοσοφίαν
601 1576 623 1666 ἢ
650 1581 860 1666 ὄημαγωγίαν
886 1578 908 1666 ή
934 1576 992 1646 τὸν
1018 1580 1168 1646 θάνατον

130 1678 272 1769 τάνδρὸς
293 1678 459 1767 ὗμνητέον.
493 1679 629 1748 ἔστιδ’
647 1680 783 1748 οὐδέν’
765 1708 857 1771 εργον
880 1676 1060 1770 εκφυγεῖν,’
1092 1680 1165 1767 ἐφη,
1186 1702 1221 1748 20

128 1781 215 1871 “τήν
231 1784 366 1869 πλάνην,
391 1780 492 1851 άλλη
476 1782 547 1863 ενὸς
567 1780 644 1850 ὅτου
664 1783 702 1871 δή
722 1787 903 1869 λαβόμενος
920 1793 979 1873 τῆς
997 1786 1169 1912 ῥητορείας

56 1911 62 1915 ·
132 1883 213 1952 καθ’
228 1882 331 1975 αὑτήν
357 1913 391 1965 ες
416 1887 534 1975 ταύτην
557 1895 683 1953 καθοῦ
693 1895 811 1955 τοῦτον
837 1887 895 1955 τὸν
922 1888 1029 1974 λόγον.
1077 1883 1168 1973 ἱκανή

131 1989 196 2078 γάρ
216 2012 271 2055 σοι
287 1991 343 2055 καὶ
361 2017 380 2075 η
369 1986 645 2075 ‘Hepchovff'
632 1996 753 2056 εκείνου
776 1996 835 2073 μέν
853 2015 889 2077 γε
906 1989 968 2068 τὰς
991 1986 1166 2076 ἀστραπὰς

132 2095 190 2158 καί
206 2089 347 2180 βροντὰς
364 2094 420 2156 καὶ
437 2099 584 2170 πειθοῦς
600 2118 633 2158 τι
655 2097 785 2179 κέντρον
808 2094 887 2179 δόξῃ
909 2092 1167 2179 παραλαβόντες,

135 2190 204 2284 ἄλλ’
217 2191 317 2281 αὐτήν
334 2218 371 2280 γε
390 2191 449 2275 σάχ
467 2189 603 2279 ὁρῶμεν,
625 2195 722 2280 δῆλον
741 2192 787 2272 ῶς
805 2191 889 2281 ὑπὲρ
908 2192 966 2281 τήν
985 2198 1170 2282 φαντασίαν

134 2294 230 2364 οὐδέν
249 2286 387 2381 >ε’μμονον
406 2296 543 2379 έχουσαν
563 2294 635 2362 οὐδ’
652 2295 723 2362 οἷον
742 2296 914 2386 ἐξαρκέσαι
931 2294 1017 2384 πρὸς
1034 2292 1092 2381 τήν
1110 2300 1169 2360 τοῦ

130 2399 251 2487 χρόνον
268 2401 414 2484 βάσανον
432 2401 488 2464 καὶ
504 2404 624 2485 κρίσιν·
647 2396 688 2464 τὰ
707 2399 743 2466 δὲ
764 2407 824 2465 τοῦ
843 2403 1081 2488 Δημοσθένους

134 2499 220 2568 άλλὰ
238 2505 293 2569 σοί
307 2504 562 2588 καταλελείφθω
582 2504 695 2586 λέγειν,
720 2502 750 2568 εί
767 2502 869 2589 ταύτῃ
892 2502 1046 2587 τράποιο.
1082 2499 1169 2589 πρός
1188 2520 1219 2567 21

133 2629 171 2692 γε
197 2602 261 2691 μὴν
286 2602 346 2682 τὰς
366 2611 427 2691 τῆς
452 2611 560 2692 ψυχῆς
587 2601 707 2690 άρετάς
733 2601 755 2691 ἢ
780 2604 841 2683 τὰς
866 2608 1039 2683 πολιτείας
1066 2601 1169 2669 αὐτοῦ

132 2712 332 2796 τραπομένῳ
354 2705 453 2774 καλὸν
474 2712 553 2791 μίαν
580 2703 726 2795 ἡντινοῦν
751 2704 987 2791 ἀποτεμέσθαι
1011 2704 1070 2792 τήν
1098 2706 1171 2770 δια-

133 2807 258 2898 τριβήν,
279 2809 309 2875 εἰ
327 2810 363 2876 δὲ
380 2810 515 2893 βούλοιο
531 2811 680 2895 δαψιλές,
702 2811 762 2877 δύο
780 2814 835 2876 καὶ
849 2811 998 2897 σύντρεις
1017 2799 1170 2891 ἑλόμενον

126 2909 220 2996 ’ἔχειν
238 2909 439 3001 ἀποχρῶσαν
458 2913 562 2998 λόγων
580 2910 763 3000 ὑποβολήν·
786 2911 892 2999 πολλή
910 2909 972 2998 γὰρ
991 2911 1025 2978 ἐν
1044 2905 1170 2976 ἅπασιν

134 3012 156 3103 ἡ
180 3016 384 3104 λαμπρότης.
430 3014 459 3081 εί
482 3012 513 3080 δ’
530 3012 588 3081 οὐκ
612 3015 646 3082 ἐκ
667 3022 727 3082 τοῦ
750 3012 888 3093 παντὸς,
913 3012 981 3080 άλλ)
1000 3012 1034 3080 ἐκ
1050 3017 1171 3098 μέρους

136 3116 403 3202 ἐπαινεσόμεθα,
428 3118 608 3201 νόμοςμὲν
628 3115 793 3204 Ὁμηρικὸς
815 3114 944 3241 ήραήαιν
959 3115 1115 3193 ἐπαίνους
1137 3114 1172 3181 ἐκ

134 3227 245 3310 μερῶν
269 3222 359 3288 διατί
346 3226 504 3301 ίθεσθαι,
528 3218 681 3287 ποδῶνἋ
660 3248 679 3307 η
698 3217 885 3308 κεφαλής”
865 3247 883 3306 η
906 3219 1023 3305 κόμης,
1047 3213 1109 3303 ήδη
1135 3217 1171 3282 δὲ

135 3320 199 3390 κάκ
219 3330 286 3391 τῶν
308 3350 408 3413 φορη
396 3324 510 3408 μάτων
532 3319 553 3411 ή
577 3319 649 3390 άσπ
651 3324 743 3404 ίόων,
771 3347 825 3406 μερ
813 3320 922 3405 μπτὸν
950 3317 981 3386 ιλ
998 3314 1075 3411 ουδὲ
1101 3329 1172 3395 τοῖς

49 3444 54 3451 ·
134 3432 236 3523 θεοῖς
254 3426 378 3514 ἐγένετο
396 3424 578 3511 ὑμνεῖσθαι
596 3424 682 3550 πρὸς
699 3430 766 3520 τῶν
783 3431 932 3512 ποιητῶν
956 3422 993 3504 ἐξ
1008 3419 1211 3547 ήλακάτης

135 3557 161 3617 η
143 3526 329 3611 τόξων
308 3558 329 3619 η
351 3538 410 3618 τής
433 3524 614 3617 αἰγίδοςμ
601 3530 681 3617 μήτι
702 3555 739 3616 γε
766 3526 805 3616 δή
828 3533 950 3615 μέρους
976 3549 1130 3610 σωματος
1151 3550 1172 3609 η

135 3639 199 3718 τῆς
214 3639 333 3722 ψυχῆς.
360 3640 426 3700 τῶν
445 3630 638 3719 εὐεργεσιῶν
657 3634 693 3699 δὲ
713 3628 790 3699 οὐδὲ
809 3628 946 3698 δυνατὸν
969 3624 1056 3716 ἐφ’(
1037 3626 1173 3702 απάσας

138 3734 262 3805 ἐλθεῖν.
308 3733 424 3804 ουκσῦν
453 3731 559 3801 0136‘5
585 3740 803 3822 Δημοσθένης
825 3733 1018 3799 αἰτιάσεται
1041 3724 1152 3793 καθΗ
1141 3751 1174 3793 εν

135 3846 206 3908 τῶν
224 3837 326 3907 αὑτοῦ
344 3842 453 3905 καλῶν
472 3836 722 3921 ἐπαινούμενος,
743 3836 817 3902 ἐπεὶ
833 3835 873 3901 τό
891 3859 927 3920 γε
946 3832 1080 3916 σόμπαν
1099 3825 1171 3896 οὐδ’

137 3940 245 4023 αὐτὸς·
259 3940 298 4011 ἂν
318 3940 417 4010 αὑτὸν
437 3942 636 4025 ἐξαρκέσειεν
655 3933 858 4005 έπαινέσαι.”

195 4051 304 4114 Ταῦτα
321 4052 381 4113 τοῦ
396 4043 586 4136 θερσαγόρα
605 4040 846 4131 διεξελθόντος,
859 4033 980 4123 αοίμαί
993 4033 1058 4120 σε,”
1080 4035 1171 4127 ἔφην,
1191 4055 1225 4104 22
