2792 4580
207 332 211 343 Ι
369 254 520 312 LXXVII.
547 253 567 292 ἦ
589 252 860 313 ΦΙΛΟΠΑΤΡΙΣ
881 258 968 314 3-6.
1119 245 1182 311 281

28 379 35 389 ‘
135 360 181 433 ’τί
205 358 268 450 γάρ
292 355 333 426 ἀν
355 347 528 447 δυ’νήσεται
551 357 749 445 ἀμυνέμεναι
771 387 821 443 σε,
851 362 881 429 εἰ
907 350 1099 450 παραβαίης
1124 358 1184 433 τὸν

148 462 261 555 ὅρκον,
280 458 357 530 οἶδα
373 460 436 550 γὰρ
454 465 510 528 καὶ
527 464 565 531 σὲ
582 461 627 550 μὴ
647 460 775 550 ἀγνοεῖν
791 468 870 553 περὶ
887 472 946 532 τοῦ
965 466 1047 545 Διός
1066 489 1137 533 σου.

133 600 140 605 -
183 580 296 636 ψΚΡΙΤ.
335 566 376 631 Τί
395 566 515 651 λίγεις,·
542 561 581 632 ού
609 566 783 653 δυνήσεται
809 565 827 634 ό
850 566 931 646 Ζεύς
957 566 991 647 ἒς
1015 570 1184 658 Τάρταρον

136 660 419 755 ’ἀποπέμψαιςηῆ
445 664 574 754 ἀγνοεῖς
601 665 647 749 ὡς
668 667 746 748 τοὺς
766 669 870 749 θεοὺς
891 671 1018 750 πάντας
1031 669 1184 760 ,ἀπέρρι-

122 817 124 827 1
148 784 213 860 ψεν
236 767 306 837 ἀπὸ
327 776 388 836 τοῦ
411 775 599 838 θεσπεσίου
620 774 724 859 βηλοῦ
741 774 795 838 καὶ
817 771 874 840 τὸν
891 775 1070 857 Σαλμωνέα
1093 771 1186 842 ἀντι-

132 878 336 963 ’βροντῶντα
352 873 468 961 πρῴην
485 875 749 964 κατεκεραύνωσε
767 874 912 953 καὶτοὺς
926 872 1184 962 ἀσελγεστάτους

149 976 200 1044 ἔτι
226 977 282 1041 καί
308 980 378 1057 νύν,
406 973 500 1060 παρὰ
527 977 563 1042 δὲ
588 972 653 1067 τῷν
680 979 1103 1068 ποιητῶν.Τιτανοκράτωρ
1128 982 1185 1045 κἀλ

152 1080 387 1168 Γιγαντολέτης
405 1071 595 1162 ἀνομνεῖται
613 1075 660 1158 ὦς
676 1082 734 1145 καλ
749 1078 828 1166 παρ’
845 1076 986 1167 Ὁμήρῳ,·

201 1195 325 1251 ΤΡΙΕΦ.
359 1179 406 1267 Σό
423 1181 493 1265 μὲν,
514 1171 541 1246 ὦ
558 1187 689 1270 Κριτία,
708 1182 819 1249 πάντα
838 1183 1048 1270 παρέδραμες
1065 1180 1107 1248 τότ
1124 1188 1184 1250 τοῦ

149 1284 242 1364 Διός.
279 1277 359 1364 ἀλλ’,
380 1280 414 1349 εί
429 1305 484 1349 σοι
502 1285 608 1371 φίλον,
633 1280 742 1350 ἀκουε.
779 1281 851 1366 οάχλ
868 1284 983 1362 κύκνος
1002 1275 1098 1362 οὗτος
1116 1283 1185 1370 ἐγέ-

149 1411 223 1456 νετο
240 1387 297 1452 καλ
309 1375 456 1473 σάτυρος
474 1382 515 1452 δι’
532 1381 719 1471 ἀοέλγειανς
743 1383 827 1452 ἀλλὰ
849 1389 906 1453 καὶ
922 1393 1057 1473 ταῦρος·
1078 1388 1136 1454 καὶ
1153 1386 1184 1452 εἰ

146 1487 195 1577 μὴ
217 1485 257 1555 τό
279 1489 452 1576 πορνίδιόν
475 1487 577 1555 ἐκεῖνό
599 1493 724 1570 ταχέως
747 1488 940 1572 ἒπωμίσατο
966 1492 1022 1555 καὶ
1049 1489 1184 1576 διέφυγε

150 1590 208 1660 διὰ
229 1596 288 1657 τοῦ
310 1590 488 1677 πελάγους,
516 1586 586 1672 τάχ’
604 1586 644 1658 ἀν
666 1587 804 1680 ἠροτρία
827 1588 965 1674 ἐντυχὼν
985 1592 1137 1679 γεηπόνῳ
1165 1588 1185 1658 ό

148 1690 370 1782 βρσντοτιοιὸς
382 1695 438 1758 καὶ
451 1693 687 1782 κεραυνοβόλος
705 1716 766 1760 σου
780 1692 871 1776 Ζεὺς,
891 1699 947 1761 καὶ
965 1690 1038 1761 ἀντὶ
1054 1699 1115 1760 τοῦ
1132 1717 1186 1760 κε-

150 1798 360 1884 ραυνοβολεῖυ
377 1802 416 1883 τῇ
433 1799 599 1883 βουπλῆγι
619 1796 897 1864 κατεκεντάννυτο.
933 1793 972 1863 τὸ
996 1796 1033 1863 δὲ
1049 1798 1105 1862 καί
1121 1796 1186 1865 Αἷ-

149 1904 259 1985 θίοψι
277 1905 536 1980 συνευωχεῖσθαι
554 1895 694 1985 ἀνδράσι
715 1902 924 1984 μελαντέροις
946 1900 1001 1965 καὶ
1022 1897 1080 1986 τὴν
1103 1894 1186 1985 όῴιυ

151 2000 373 2090 ἒζοφωμένοις
390 2003 445 2066 καὶ
469 1999 502 2079 ἐς
525 1997 637 2085 δώδεχ’
657 1997 771 2087 ἡλίους
791 2001 837 2089 μὴ
860 1998 1089 2089 ἀφίστασθαι,
1113 1997 1184 2067 ἀλλ’

150 2100 433 2190 ὖποβεβρεγμίνος
450 2104 677 2169 καθεδεῖσθαι
695 2100 773 2191 παρ’
788 2100 910 2184 αὐτοῖς,
930 2102 1076 2189 πώγωνα
1093 2106 1186 2189 τηλι-

151 2211 267 2272 κοῦτον
285 2204 374 2287 ἔχων,
396 2202 454 2272 ούκ
472 2202 625 2292 αἰσχύνης
643 2200 738 2287 ἀξια,
755 2202 797 2271 τὰ
816 2206 852 2272 δὲ
869 2211 929 2272 τοῦ
944 2202 1042 2272 ἀετοῦ
1055 2208 1111 2271 καλ
1124 2211 1185 2294 τῆς

144 2304 231 2395 Ἴδης
251 2310 307 2374 καλ
328 2305 367 2373 τὸ
390 2320 566 2397 κυοφορεῖν
583 2304 661 2373 καθ’
678 2303 757 2374 όλου
776 2314 835 2374 τοῦ
859 2308 1014 2391 σώματος
1032 2307 1184 2391 αἰσχύνα-

150 2434 212 2495 μαι
229 2413 283 2476 καὶ
302 2413 416 2496 λέγειν.

201 2529 296 2583 ΚΡΙΤ.
331 2518 412 2579 Μῶν
434 2510 491 2580 τὸν
505 2508 695 2579 Ἀπόλλωνά
712 2508 740 2599 γ’
757 2506 1024 2599 ἒπομοσόμεθα,
1039 2514 1077 2594 ὃς
1098 2538 1184 2603 προ·
1202 2535 1220 2585 5

150 2615 258 2706 φήτης
276 2610 413 2704 ἀριστος
430 2619 486 2682 καὶ
504 2612 625 2704 ἰητρός,
645 2605 777 2703 ἀγαθέῑ

201 2734 325 2789 ΤΡΙΕΦ.
363 2717 425 2785 Τόν
442 2719 669 2804 ψευδόμαντιν
687 2720 804 2804 λέγεις,
827 2716 886 2786 τόν
902 2726 1046 2807 Κροῖσον
1067 2719 1184 2810 πρῴην

150 2820 373 2889 διολωλεκότα
390 2823 446 2887 καί
462 2818 531 2905 μετ’
544 2818 644 2888 αύτόν
660 2825 883 2907 Σαλαμινίους
895 2824 956 2889 καί
973 2822 1104 2911 ἑτέρους
1121 2847 1185 2906 μυ-

148 2931 251 3015 ρίους,
272 2921 444 3011 ἀμφίλοξα
460 2928 547 2989 πᾶσι
563 2926 820 3010 μαυτευύμενονς

201 3041 297 3097 ΚΡΙΤ.
327 3022 389 3092 Τόν
401 3026 595 3093 Ποσειδῶνα
614 3028 651 3093 δὲ
664 3034 714 3111 τί,·
732 3027 770 3107 ὃς
782 3034 932 3116 τρίαιναν
945 3027 977 3095 ἐν
990 3039 1065 3096 ταῖν
1075 3039 1184 3118 χεροῖν
1202 3048 1219 3096 6

148 3135 277 3217 κρατοῦν
294 3130 349 3193 καλ
366 3126 521 3214 διάτορόν
538 3153 571 3193 τι
588 3131 644 3195 καλ
660 3128 921 3217 καταπληκτικὸν
933 3137 999 3219 βοᾷ
1012 3130 1045 3198 ἐν
1058 3136 1105 3217 τῴ
1120 3154 1185 3198 πσ-

148 3232 238 3318 λὲμῴ
258 3224 337 3296 ὅσον
355 3229 534 3311 ἐννεάχιλοι
552 3226 668 3322 ἄνδρες
689 3227 711 3317 ἢ
734 3232 912 3314 δεκάχιλοι,
938 3229 1095 3301 ἀλλὰκαὶ
1116 3256 1186 3300 σει-

150 3338 288 3417 σίχθων,
308 3323 336 3400 ὦ
358 3339 516 3422 Τριεφιύν,
537 3331 777 3416 ἐπονομάζεται
782 3363 794 3416 ,·

202 3453 324 3508 ΤΡΙΕΦ.
345 3434 532 3521 Τόνμοιχόν
545 3439 657 3523 λέγεις,
674 3433 778 3525 ὃςτὴν
791 3443 851 3505 τοῦ
860 3441 1065 3524 Σαλμωνέως
1077 3436 1187 3503 παῖδα

149 3534 208 3624 τὴν
221 3538 313 3627 Τυρὼ
327 3541 442 3628 πρῴην
457 3542 632 3630 διέφθειρε
647 3544 703 3607 καλ
718 3538 766 3608 ἔτι
779 3538 984 3625 ἒπιμοιχεύει
997 3542 1052 3609 καὶ
1066 3540 1187 3631 ῥύστης

139 3640 207 3704 ’καί
225 3636 419 3726 δημαγωγός
431 3649 498 3709 τῶν
514 3644 674 3711 τοιούτων
687 3642 768 3711 ἔστί.
796 3643 854 3712 τόν
866 3643 930 3732 γὰρ
940 3642 1030 3733 Ἄρην
1043 3639 1111 3710 όπὸ
1125 3645 1185 3709 τοῦ

31 3808 35 3811 Α
138 3740 276 3825 ’δεσμού
294 3742 487 3825 πιεζόμενον
505 3747 560 3810 κοιλ
579 3747 713 3829 δεσμοῖς
737 3740 876 3825 ἀλύτοις
890 3745 975 3830 μετὰ
996 3753 1054 3831 τῆς
1067 3741 1186 3832 Ἀφρο-

150 3845 244 3933 δίτης
265 3845 491 3929 στενούμενον,
519 3846 653 3913 πάντων
672 3853 739 3914 τῶν
760 3854 852 3916 θεῶν
869 3844 931 3916 Ιδιιλ
956 3845 1014 3934 τὴν
1036 3852 1186 3930 μοιχείαν

149 3944 205 4016 ἀπ’
218 3947 374 4036 αἰσχύνης
387 3949 601 4029 σιωπώντων,
621 3945 639 4015 ό
653 3948 776 4028 ἵππιος
788 3952 959 4017 Ποσειδῶν
977 3948 1111 4017 ἕκλαυσε
1125 3950 1186 4016 δα-
1248 3975 1255 3985 ‘

144 4052 317 4141 ’κρυρροιῦν
331 4048 445 4140 ὥσπερ
463 4050 507 4123 τὰ
516 4051 702 4142 βρεφύλλια
715 4049 793 4134 τοὺς
806 4054 1024 4133 διδασκάλους
1038 4052 1183 4138 δεδιότα,
