2782 4574
208 203 345 262 LXVIII.
371 205 471 260 ΠΕΡΙ
491 196 576 259 ΤΗΣ
598 204 743 260 ΠΕΡΕΓ.
761 205 852 262 ΤΕΔ.
871 204 991 262 38-44.
1056 194 1119 259 173

82 310 231 402 άνοῄτων
247 313 305 377 καὶ
318 313 481 395 βλακικῶν
497 306 556 376 τὸν
573 309 710 397 τρόπον.
745 308 849 378 έννόει
865 308 904 379 τὸ
923 310 1043 380 λοιπὸν
1061 309 1117 380 οἶα
1135 333 1169 384 41

82 413 172 493 εἰκὸς
195 409 245 479 ἐπ’
263 408 351 500 αύτῷ
369 413 583 500 γενήσεσθαι,
608 418 711 490 ποίας
731 412 791 497 μέν
809 409 846 479 ού
869 417 1024 499 μελίττας
1043 414 1119 483 ἐπι-

82 518 273 605 στήσεσθαι
290 514 348 582 έπὶ
364 514 422 582 τὸν
440 515 555 596 τόπον,
578 520 670 594 τίνας
688 515 725 582 δὲ
746 519 895 604 τέττιγας
912 515 972 584 οὐκ
995 517 1119 607 ἐπᾴσε-

50 672 53 679 ,
83 627 181 697 σθαι,
201 624 293 696 τίνας
311 618 346 684 δὲ
363 618 510 703 κορώνας
532 613 590 685 οὐκ
608 616 861 706 ἐπιπτήσεσθαι
881 620 1040 708 ’καθάπερ
1060 618 1119 688 ἐπὶ

81 721 139 791 τὸν
158 719 311 788 Ἡσιόδου
334 720 456 808 τάφον,
483 717 603 787 καὶτὰ
628 727 776 788 τοιαῦτα.
820 720 951 802 εἰκόνας
975 721 1118 813 μὲνγὰρ

82 825 177 914 παρά
195 848 232 889 τε
242 819 373 890 Ἠλείων
391 819 498 890 αὐτῶν
516 822 610 910 παρά
626 847 663 890 τε
680 829 746 899 τῶν
764 820 871 892 ἄλλων
881 822 1047 912 Ἑλλήνων,
1067 818 1119 906 οἷς

82 930 139 995 καὶ
158 926 394 993 ἐπεσταλκέναι
412 924 531 1013 ἔλεγον,
555 921 672 992 αὐτίκα
689 926 781 1010 μάλα
799 924 875 995 οῖδα
893 925 1021 1007 πολλός
1039 924 1119 1003 άνα-

83 1033 299 1117 στησομένας.
337 1031 423 1116 φασὶ
445 1029 481 1095 δὲ
502 1028 631 1107 πάσαις
653 1026 767 1111 σχεδὸν
788 1042 863 1109 ταῖς
886 1028 1032 1127 ξνδόξοις
1053 1030 1126 1098 πό-«

82 1134 175 1201 λεσιν
197 1128 378 1209 ἐπιστολὰς
405 1131 602 1218 διαπέμψαι
627 1127 728 1198 ἀύτὸν
755 1132 922 1220 διαθήκας
945 1130 1039 1212 τινάς
1063 1135 1120 1199 καὶ

17 1272 19 1275 ·
82 1239 299 1322 παραινέσεις
314 1235 371 1301 καὶ
388 1233 523 1319 νόμους·
540 1239 597 1300 καί
612 1259 704 1312 τινας
718 1232 775 1301 ἐπὶ
792 1235 898 1322 τούτῳ
913 1233 1118 1322 πρεσβευτάς

16 1342 18 1393 3
82 1344 151 1407 τῶν
174 1336 312 1424 ἑταίρων
335 1335 557 1425 ἐχειροτόνησε
578 1339 807 1425 νεκραγγέλους
829 1339 884 1403 καὶ
909 1337 1120 1426 νερτεροδρό-

82 1465 169 1527 μους
187 1444 471 1529 προσαγορεύσας.

15 1568 17 1603 ι
139 1549 245 1611 Τοῦτο
262 1545 355 1622 τέλος
372 1549 432 1609 τοῦ
454 1542 691 1627 κακοδαίμονος
709 1547 874 1630 Πρωτέως
897 1539 1036 1630 ἐγένετο,
1063 1537 1118 1609 άν-
1135 1563 1169 1611 42

83 1641 178 1735 δρὸς,
208 1641 254 1723 ῶς
278 1651 397 1735 βραχεῖ
416 1644 504 1733 λόγῳ
528 1647 733 1735 περιλαβεῖν,
762 1644 848 1732 πρὸς
871 1641 1034 1734 άλήθειαν
1059 1645 1119 1731 μέν

15 1750 17 1759 '
85 1745 602 1835 ούδεπῶποτεάποβλέψαντος,
632 1746 690 1815 ἐπὶ
717 1748 795 1837 δόξῃ
821 1749 857 1815 δέ
878 1752 934 1815 καὶ
955 1754 1002 1836 τῶ
1026 1745 1119 1835 παρὰ

84 1858 152 1920 τῶν
170 1853 303 1918 πολλῶν
322 1849 447 1938 έπαίνφ
466 1849 599 1918 ἅπαντα
617 1849 770 1930 εἰπόντος
784 1849 838 1918 άεὶ
849 1852 905 1918 καὶ
918 1851 1116 1940 πράξαντος,

86 1951 132 2034 ῶς
150 1956 207 2020 καὶ
225 1952 258 2032 ές
275 1959 342 2040 πῦρ
362 1948 539 2049 ἅλλεσθαι,
564 1948 620 2019 ότε
642 1950 720 2041 μηδ’
736 1951 918 2022 ἀπολαύειν
935 1961 1003 2021 τῶν
1021 1953 1119 2022 έπαί-

13 2076 14 2115 ῑ
87 2083 151 2126 νων
171 2056 310 2141 ἔμελλεν,
331 2052 535 2142 ἀναίσθητος
553 2051 662 2122 αὐτῶν
679 2056 860 2142 γενόμενος.

127 2159 186 2227 Ἓν
205 2158 253 2226 έτι
271 2182 326 2226 σοι
343 2158 670 2247 προσδιηγησάμενος
688 2158 877 2243 παύσομαι,
903 2155 948 2237 ῶς
967 2157 1040 2245 ύχης
1059 2157 1115 2225 ἐπὶ
1134 2179 1167 2227 ιε

87 2259 175 2330 πολὺ
193 2265 304 2348 γελᾶν·
324 2260 429 2329 ἐκεῖνα
446 2261 504 2344 μέν
521 2258 583 2350 γάρ
602 2261 710 2328 πάλαι
729 2257 842 2343 οἶσθα,
859 2258 962 2341 εὐθὺς
976 2256 1119 2341 άκοόσας

87 2390 152 2450 μου
172 2360 227 2432 ὅτε
244 2355 322 2453 ἧκον
340 2361 409 2430 άπὸ
427 2369 558 2451 Συρίας,
579 2363 792 2451 διηγουμένου
813 2361 859 2445 ῶς
877 2361 945 2432 άπὸ
964 2362 1120 2453 Τρῳάδος

88 2468 338 2553 συμπλεύσαιμι
363 2462 453 2553 αύτῷ
479 2468 535 2533 καὶ
561 2466 620 2554 τήν
645 2492 682 2534 τε
709 2462 808 2554 άλλην
830 2465 888 2555 τὴν
912 2465 945 2535 ἐν
967 2473 1014 2555 τῷ
1043 2469 1119 2555 πλῷ

86 2569 214 2660 τρυφὴν
240 2572 296 2636 καὶ
316 2567 547 2658 τὸ-μειράκιον
569 2567 608 2637 τό
632 2565 764 2655 ῶραῖον,
794 2568 812 2638 ὃ
837 2569 950 2638 ἔπεισε
972 2571 1118 2652 κυνίζειν,

87 2669 135 2752 ῶς
162 2671 231 2755 ἔχοι
255 2675 311 2739 καὶ
339 2670 439 2750 αὐτός
464 2698 538 2740 τινα
560 2669 778 2760 Ἀλκιβιάδην,
805 2676 862 2740 καὶ
888 2670 934 2752 ῶς
960 2673 1121 2757 ἐπιταρα-

81 2781 247 2862 χθείημεν
268 2781 326 2863 τῆς
348 2772 461 2854 νυκτὸς
484 2774 518 2843 ἐν
538 2781 629 2863 μέσῳ
651 2782 699 2863 τῷ
716 2775 847 2864 Αἰγαίῳ
870 2775 996 2865 γνόφου
1018 2799 1121 2841 κατα-

82 2877 209 2966 βάντος
234 2880 289 2944 καὶ
314 2884 402 2962 κῦμα
427 2883 642 2967 παμμέγεθες
672 2877 857 2966 ἐγείραντος
887 2876 1009 2945 ἐκώκυε
1035 2873 1120 2963 μετδι

14 3058 18 3061 ,
82 2987 154 3047 τῶν
173 2986 332 3066 γυναικῶν
351 2978 369 3046 ό
388 2981 587 3065 θαυμαστός
604 2983 660 3047 καὶ
681 2981 834 3049 θανάτου
857 2985 1012 3069 κρείττων
1036 2978 1122 3048 εἶναι

85 3085 205 3150 δοκῶν.
242 3079 325 3150 ἀλλὰ
347 3081 463 3171 μικρὸν
484 3081 551 3168 πρὸ
574 3090 632 3171 τῆς
653 3085 817 3171 τελευτῆς,
842 3081 909 3172 πρὸ
934 3083 1023 3151 έννέα
1045 3107 1119 3167 σχε-
1137 3104 1172 3152 44

87 3185 149 3254 δόν
177 3209 243 3251 που
270 3182 412 3275 ἡμερῶν,
444 3187 558 3264 πλέον,
593 3181 700 3269 οἶμαι,
733 3192 792 3252 τοῦ
825 3185 937 3252 ἱκανοῦ
964 3183 1121 3273 έμφαγιὺν

86 3285 194 3375 ἤμεσέ
218 3312 254 3354 τε
279 3296 339 3375 τῆς
363 3285 477 3366 νυκτὸς
504 3289 559 3354 καὶ
585 3286 672 3354 ἑάλω
699 3294 832 3377 πυρετῷ
857 3287 950 3372 μάλα
972 3286 1120 3375 σφοδρῷ.

87 3397 196 3457 ταῦτα
223 3390 261 3463 δέ
281 3415 340 3475 μοι
362 3386 380 3457 ό
400 3386 606 3478 Ἀλέξανδρος
629 3386 648 3459 ό
672 3388 997 3481 ίατρὸςδιηγήσατο,
1020 3415 1122 3475 μετα-

89 3494 227 3579 κληθεὶς
254 3489 300 3572 ῶς
326 3491 580 3582 ἐπισκοπήσειεν
606 3490 715 3562 αὐτόν.
753 3493 816 3584 ἔφη
844 3484 900 3562 οόν
925 3496 1122 3578 καταλαβεῖν

91 3590 192 3661 αότὸν
216 3598 320 3680 χαμαὶ
346 3596 536 3680 κυλιόμενον
562 3599 616 3664 καὶ
648 3594 705 3664 τὸν
732 3594 880 3684 φλογμὸν
912 3593 949 3664 ού
978 3602 1122 3687 φέροντα

91 3699 147 3764 καὶ
170 3695 299 3784 ψυχρὸν
322 3698 478 3765 αἰτοῦντα
499 3699 587 3765 πάνυ
612 3699 788 3788 ἐρωτικῶς,
818 3701 834 3766 ἓ
861 3700 898 3766 δὲ
924 3698 969 3788 μὴ
996 3700 1120 3780 δοῦναι,

92 3805 200 3867 καίτοι
225 3800 331 3893 εἰπεῖν
358 3800 421 3889 ἔφη
448 3800 534 3889 πρὸς
561 3797 660 3869 αύτὸν
684 3798 729 3881 ῶς
751 3802 781 3869 εἰ
808 3802 943 3880 πάντως
968 3800 1120 3868 θανάτου

93 3900 216 3983 δέοιτο,
248 3898 336 3991 ἥκειν
363 3899 462 3970 αὐτὸν
489 3903 547 3970 ἐπὶ
572 3902 631 3982 τὰς
658 3905 768 3994 θύρας
799 3903 999 3989 αὐτόματον,
1035 3899 1122 3972 ὥστε

90 4008 198 4086 καλῶς
225 4004 308 4090 ’ἔχειν
334 4007 494 4093 ἕπεσθαι,
522 4007 622 4095 μηδὲν
648 4012 707 4075 τοῦ
732 4005 840 4097 πυρὸς
868 4007 1037 4095 δεόμενον·
1064 4007 1122 4077 τὸν
