2748 4572
243 226 287 294 52
327 225 332 237 ’
381 270 385 281 .
629 232 886 297 ιοκκῐιαου

140 424 145 431 y
242 342 301 434 τήν
316 347 432 429 μελίαν
451 343 644 428 δυνάμενοςς
672 339 731 408 οόκ
748 336 789 406 ἀν
810 339 936 419 ε’ίποις·
964 335 1049 406 ἀλλὰ
1069 322 1126 406 καλ
1147 340 1281 426 γέλωτα

243 443 284 513 ἀν
306 444 503 534 ὀφλισκάνοι
522 438 715 569 χωλεύων(
696 439 765 510 υπὸ
787 448 830 531 τῇ
853 438 941 509 ἀσπί
927 442 976 509 ίδι
1000 443 1056 508 καί
1082 439 1141 509 έπὶ
1167 443 1279 568 στόμα

209 570 213 579 ’
241 546 496 619 καταπίπτων(
477 547 546 616 υπὸ
563 571 622 614 του
608 546 765 633 βάρους
780 540 878 610 καῖ’
858 542 927 612 υπὸ
949 550 997 632 τῷ
1019 544 1145 649 κράνει,
1168 541 1278 615 ὁπότε

241 642 452 734 ἀνανεύσειε,
478 646 602 772 δεικηδς
626 644 705 727 τοὺς
734 629 967 735 παραβλῶπας
998 642 1139 725 ἐκείνους
1170 643 1278 716 αῦτοῦ

242 749 442 839 ὀφθαλμοὺς
459 749 566 820 vva2⁸
531 776 589 818 τον
606 750 748 839 θώρακα
766 748 848 816 ἀπαί
834 754 913 837 ίρων
930 756 977 837 τηῖ
994 770 1053 816 του
1038 754 1276 839 μεταφρένου

239 855 431 941 κυρτώματι
447 852 556 921 vva2⁸
520 879 580 932 τας
595 852 754 940 κνημῖδας
775 849 1014 939 ἐπισυρόμενος
1034 853 1091 918 καὶ
1113 846 1200 932 όλως
1222 854 1278 921 ‹vl-

241 954 367 1040 σχύνων
389 954 612 1045 ἀμφοτέρους,
640 952 776 1021 καὶτὸν
799 952 996 1042 δημιουργὸν
1019 950 1127 1021 αὐτῶν
1143 953 1277 1024 καὶτὸν
1303 992 1306 995 ·

242 1058 417 1147 δεσπότην.
453 1055 493 1125 τὸ
512 1053 592 1124 αότδ
612 1055 725 1143 δήκαὶ
743 1054 783 1123 σὺ
802 1055 940 1138 πάσχων
958 1052 1018 1138 οάχ
1036 1053 1125 1144 δρᾷς,
1145 1054 1276 1127 όιτόταν

240 1158 279 1227 τὸ
296 1161 356 1245 μέν
373 1163 503 1246 βιβλίον
521 1158 555 1226 έν
570 1165 612 1248 vy}
627 1160 714 1246 χειρί
732 1157 805 1246 ύχης
822 1158 1000 1245 πάγκαλον,
1019 1166 1198 1246 πορφυρᾶν
1214 1161 1276 1245 μέν

241 1262 313 1345 ἕχον
330 1261 388 1349 τήν
406 1264 582 1351 διφθέραν,
604 1266 747 1349 χρυσοῦν
770 1261 806 1326 δέ
826 1257 884 1328 τὸν
907 1257 1068 1349 ὀμφαλὸν,
1093 1257 1277 1349 ἀναγιγνώ-

241 1388 319 1455 σκης
337 1367 374 1431 δὲ
392 1352 473 1432 αύτδ
491 1363 699 1452 βαρβαρίζων
721 1365 777 1429 καὶ
797 1363 1021 1445 καταισχύνων
1043 1364 1099 1429 καί
1121 1363 1277 1450 διαστρέ-

240 1492 323 1556 φων,
346 1463 415 1534 ἀπὸ
436 1467 496 1551 μέν
509 1473 583 1548 ,τών
604 1466 877 1549 πεπαιδευμένων
897 1465 1176 1550 καταγελώμενος,
1204 1464 1274 1535 ἀπὸ

241 1569 278 1636 δέ
293 1576 360 1636 τῶν
379 1568 541 1636 συνόντων
560 1592 615 1635 σοι
632 1567 778 1634 κολάκων
796 1566 1041 1650 δπαινούμενος,
1062 1571 1163 1635 οίκαλ
1176 1565 1276 1637 αῦτολ

240 1669 328 1757 πρὸς
346 1668 506 1761 ἀλλήλους
525 1669 802 1757 ἐπιστρεφόμενοι
818 1666 993 1755 vavva⁸
956 1695 999 1736 τα
1017 1670 1143 1753 πολλάς

115 1757 121 1773 ⁸
205 1793 222 1840 ε
289 1768 413 1839 Ἐθέλω
439 1779 517 1859 γοῦν
545 1796 600 1839 σοι
629 1773 902 1897 διηγήσασθαί
885 1796 919 1839 τι
945 1779 1062 1839 Πυθοῖ
1089 1773 1274 1860 γενόμενον.

242 1883 439 1962 Ταραντῖνος
459 1871 647 1960 Εὐάγγελος
667 1871 822 1957 τοάνομα,
846 1855 912 1942 τών
936 1871 995 1940 οῦκ
1018 1872 1154 1960 ἀφανων
1173 1874 1206 1943 έν
1223 1883 1274 1964 τῷ

241 1975 391 2064 Τάραντι,
408 1974 602 2062 ἐπεθύμησε
615 1998 744 2062 νικησαι
753 1976 881 2044 Πυθια
903 2002 946 2042 τα
931 1967 1067 2060 μέν
1027 2002 1085 2043 ουν
1093 2003 1151 2064 της
1159 2003 1275 2064 γυμνι

237 2085 296 2165 κής
309 2075 450 2165 ἀγωνίας
459 2075 535 2145 αάτί
534 2104 575 2144 κα
522 2075 746 2145 ίέδόκει’
707 2104 796 2166 αυτηι
782 2075 967 2146 ἀδύνατον
981 2075 1074 2160 εἶναι,
1089 2078 1275 2168 μήτεπρὸς

238 2178 329 2262 ἰσχὺν
338 2180 433 2268 ’μήτε
455 2178 540 2268 πρὸς
563 2177 713 2267 ώκύτητοι
736 2169 974 2269 εάπεφυκότι,
1003 2181 1132 2270 κιθάρᾳ
1150 2184 1191 2248 δὲ
1215 2186 1274 2250 καὶ
1362 2234 1363 2267 ,

238 2279 307 2370 ᾠδή
325 2283 449 2370 ῥᾳδίως
466 2283 639 2368 κρατήσειν
658 2279 802 2372 ἐπείσθη
820 2281 888 2351 ὑπὸ
909 2290 975 2350 τών
999 2287 1191 2371 καταράτων
1214 2281 1276 2352 ἀν-

236 2385 388 2471 θρώπων
407 2384 465 2462 οὓς
483 2380 548 2465 εἶχε
566 2386 644 2471 περὶ
663 2381 771 2466 αότὸν,
792 2384 1013 2453 ἐπαινούντων
1033 2388 1090 2452 καί
1104 2385 1273 2470 βοώντων,

238 2481 342 2552 ὁπότε
359 2487 416 2551 καί
433 2483 471 2552 τὸ
489 2486 687 2573 μικρότατον
706 2484 826 2565 ἐκεῖνος
844 2483 1092 2573 ἀνακρούσαιτο.
1119 2477 1194 2574 ήκεν
1213 2480 1276 2557 οῦν

237 2586 271 2666 ἐς
287 2584 364 2666 τοὺς
381 2586 533 2676 Δελφοὺς
550 2588 646 2655 τότε
664 2583 749 2654 ἀλλα
766 2586 918 2674 λαμπρὸς
934 2590 991 2655 καὶ
1009 2587 1048 2676 δή
1066 2592 1122 2656 καὶ
1140 2588 1276 2678 ἐσθῆτα

234 2689 467 2775 χρυσόπαστον
489 2691 714 2777 ποιησάμενος
735 2693 790 2757 καὶ
813 2695 974 2779 στέφανον
998 2691 1125 2780 δάφνης
1148 2701 1277 2781 χρυσής

235 2793 416 2873 κάλλιστον,
438 2790 484 2872 ώς
502 2789 574 2859 ἀντὶ
591 2799 720 2880 καρποῦ
737 2798 795 2877 τής
808 2792 940 2881 δάφνης
959 2794 1184 2919 σμαράγδους
1186 2785 1274 2862 είνάι
1317 2784 1321 2789 ’

138 2946 142 2951 .
237 2893 445 2981 ἰσομεγέθεις
462 2920 509 2981 τῳ
528 2902 654 2983 καρπῷ,
674 2893 731 2982 τήν
748 2899 807 2977 μέν
825 2919 861 2980 γε
879 2900 1023 2981 κιθάραν
1038 2894 1146 2984 αάτην,
1166 2894 1274 2984 ύπερ-
1359 2948 1360 2957 ,

238 2999 339 3121 φυές
337 3021 371 3062 τι
385 3002 496 3084 χρήμα
510 2995 543 3075 ές
555 2998 673 3076 κάλλος
686 3022 742 3062 και
731 2998 978 3079 ’,πολυτέλειαν
995 3005 1117 3087 χρυσοῦ
1135 2999 1194 3082 μὲν
1206 3008 1273 3067 τοῦ

236 3093 399 3188 ἀκηράτου
418 3104 538 3180 πᾶσαν,
559 3111 721 3187 σφραγῖσι
738 3099 775 3166 δὲ
792 3124 848 3166 και
838 3102 895 3166 ’λί
882 3105 973 3179 ίθοις
986 3105 1151 3180 ποικίλοις
1168 3127 1273 3167 κατα-

234 3204 483 3288 κεκοσμημένην,
500 3208 642 3269 Μουσῶν
655 3199 778 3286 μεταξὺ
793 3199 1120 3281 καὶΑπόλλωνυςκαὶ
1128 3201 1272 3290 Ὀρφέως

233 3426 317 3471 ποτε
334 3406 390 3470 καί
407 3395 480 3492 ήκεν
497 3404 517 3493 v}
536 3413 594 3473 τοῦ
613 3403 739 3493 ἀγῶνος
751 3403 866 3495 ήμίρα,
889 3419 978 3494 τρεῖς
990 3408 1048 3491 μὲν
1061 3397 1154 3495 ήοαν,
1174 3406 1271 3499 ἔλαχε
1356 3492 1357 3495 y

234 3506 271 3571 δὲ
298 3510 400 3590 μέσος
426 3503 533 3577 αὐτῶν
566 3505 584 3575 ό
609 3505 796 3595 Εὐάγγελος
826 3506 918 3596 ᾄδειν
938 3512 1005 3591 ,καί
1033 3506 1117 3599 μετὰ
1145 3513 1270 3576 θέσπιν
1356 3506 1357 3509 “

234 3604 291 3675 τὸν
314 3615 456 3695 θηβαῖυν
485 3607 522 3678 υά
550 3611 688 3699 φαύλως
714 3608 957 3697 ἀγωνισάμενον
983 3611 1163 3695 εἰσέρχεται
1191 3606 1270 3689 όλος

233 3713 526 3797 περιλαμπόμενος
542 3718 591 3799 τῷ
607 3718 731 3801 χρυσίῳ
749 3716 894 3791 καὶτοῖς
914 3714 1118 3801 σμαράγδοις
1135 3714 1191 3779 καὶ
1207 3717 1271 3799 βη-
1355 3742 1356 3777 3

232 3812 365 3897 ρύλλοις
387 3818 442 3881 καὶ
464 3811 651 3895 όακίνθοις·
674 3818 730 3882 καί
752 3813 772 3903 v}
796 3815 955 3904 πορφύρα
978 3816 1014 3883 δὲ
1033 3814 1191 3902 ένέπρειιε
1208 3820 1270 3901 τῆς

234 3910 385 4001 έσθήτος,
405 3916 560 4002 ἢμεταξά
574 3925 634 3986 τοῦ
646 3924 770 4007 χρυσοῦ
786 3919 983 4006 διεφαινετο.
1011 3919 1143 3996 τούτοις
1157 3912 1270 3984 ἀπασι
1340 3898 1355 3923 '⁸

231 4018 463 4106 προεκπλήξας
478 4018 518 4086 τὸ
537 4027 680 4113 θέατρον
697 4024 752 4090 καὶ
769 4027 968 4110 θαυμαστῆς
986 4019 1122 4100 έλπίδος
1140 4018 1271 4106 έμπλή-
