2748 4572
233 220 287 289 ’22
631 233 885 289 Λονιιιαοκ

244 337 401 431 στῆθος.”
434 336 523 427 “έγο“ι
543 336 608 420 δδ,”
630 335 648 405 ὅ
665 335 836 427 Εὐκράτης
855 337 928 426 ἔφη,
945 335 1075 406 κέκεῐνα
1094 318 1282 429 ἐχρύσωσα,

124 506 128 513 ,
244 441 349 511 όπότε
366 440 398 527 μ’
412 443 531 510 ἰάσατο
551 439 608 509 διὰ
624 447 736 566 τρίτης
753 438 820 509 555
839 447 898 508 τοῦ
919 437 1064 566 ἠπιάλου
1089 439 1282 529 άπολλόμε-

242 543 327 614 νον.”
348 539 410 633 ’ἦν
427 543 505 673 γάρ
507 548 563 611 καὶ
581 542 703 671 ἰατρὸς,
704 534 855 631 ''555''
841 541 914 630 εγὼ,
930 537 1218 629 “δβέλτιστος
1179 572 1282 628 ουτος

198 670 207 713 ·.
244 645 570 732 ΠέλλιχοςςΝέστι,
590 645 708 734 καὶμὴ
727 637 1039 771 555555‚'’55'‘05
1057 644 1075 714 5
1093 646 1277 738 Εὐκράτης,

239 748 286 839 “5
313 775 349 818 σε
376 748 434 818 οῦκ
461 749 494 830 ές
518 748 646 876 μακράν
667 747 853 833 μέτεισιν“
836 775 854 816 ο
882 745 973 838 άνήρ.
1018 746 1084 818 ολδ
1105 747 1217 837 55⁰
1198 777 1280 820 οσον

242 845 439 922 δύναται
402 878 498 932 ουτος
521 850 539 919 5
562 848 629 920 555
653 858 714 920 σοῦ
736 852 918 939 μελωμενος
941 849 1142 941 άνδριάςἾ
1121 880 1141 940 η
1165 849 1203 921 οῦ
1221 881 1279 923 55-

241 958 347 1042 μίζεις
368 963 427 1023 τοῦ
451 952 553 1022 αῦτοῦ
576 952 737 1022 εἶναικαὶ
759 953 962 1038 ἐπιπέμπειν
979 952 1145 1043 ἠπιάλους
1167 955 1259 1036 οῖς
1235 985 1278 1024 αν

243 1059 352 1147 έθέλη,
374 1059 453 1144 ε’ίγε
465 1061 521 1124 καὶ
534 1055 750 1141 ἀποπέμπειν
764 1056 902 1124 δυνατὸν
916 1053 1046 1145 αῦτηῦ,·”
1062 1054 1216 1140 “ῗλεως,”
1236 1051 1278 1150 ήν

242 1159 273 1227 5>
290 1159 368 1249 55,
388 1157 498 1228 “έστω
517 1157 535 1228 5
555 1157 689 1249 άνδριδις
707 1163 762 1226 καὶ
784 1156 898 1247 ήπιος,
927 1155 1032 1239 σότως
1050 1156 1197 1247 άνδρεῑος
1216 1159 1275 1231 τόν.

241 1268 276 1330 τί
296 1260 329 1329 δ’
346 1253 475 1329 οὖνκαὶ
494 1259 573 1329 άλλο
596 1269 758 1330 ποιοῦντα
780 1259 878 1352 δρᾶτε
904 1260 1004 1330 αὐτὸν
1027 1259 1171 1344 άπαντες
1189 1265 1222 1331 ολ
1239 1264 1276 1333 έν

240 1373 280 1455 τῇ
300 1361 427 1454 οἰκίᾳ,·”
453 1362 612 1432 “έπειδὰν
634 1362 807 1448 τάχιστα,”
837 1364 910 1455 ἔφη,
930 1362 1012 1447 “555
1027 1372 1170 1454 γένηται,
1195 1363 1213 1434 5
1239 1369 1276 1436 δέ

241 1467 387 1554 καταβὰς
406 1464 474 1535 άπὸ
492 1474 550 1555 τῆς
566 1468 698 1552 βάσεως
721 1465 771 1556 ἐφ’
788 1458 808 1557 5
827 1467 956 1556 έστηκε,
982 1475 1143 1558 περίεισιν
1167 1469 1200 1537 έν
1216 1470 1275 1538 κά·

171 1590 174 1597 ’
241 1575 307 1658 κλῳ
333 1569 391 1658 τήν
419 1570 539 1651 οἰκίαν,
566 1573 622 1636 καί
646 1570 767 1649 πάντες
790 1569 1035 1658 ἐντυγχάνουσιν
1058 1570 1147 1661 αὐτῷ
1172 1570 1275 1641 ένίοτε

242 1676 299 1739 καὶ
317 1669 444 1761 ᾄδοντι,
468 1676 524 1738 καὶ
542 1670 600 1739 οῦκ
618 1670 705 1739 έστιν
727 1668 837 1740 όντινα
859 1670 1024 1762 ἠδίκησεν·
1052 1666 1275 1761 ἐκτρέπεσθαι

241 1773 303 1864 γὰρ
323 1773 384 1863 χρὴ
405 1776 519 1858 μόνον,
548 1772 565 1842 5
591 1776 627 1842 55
648 1780 848 1864 παρέρχεται
868 1778 968 1864 μηδὲν
996 1773 1170 1865 ἐνοχλήσας
1195 1776 1276 1858 τοὺς

242 1878 383 1957 ἰδόντας.
428 1880 484 1943 καί
505 1876 568 1965 μήν
590 1882 646 1944 καὶ
668 1881 782 1945 λοῦται
804 1877 846 1946 τὰ
868 1877 977 1946 πολλὰ
1004 1883 1060 1947 καὶ
1085 1879 1198 1957 παίζει
1224 1877 1272 1947 δι’

242 1977 319 2068 ὅλης
339 1987 398 2068 τῆς
419 1980 545 2060 νυκτὸς,
571 1975 656 2047 ὥστε
679 1977 810 2048 άκοόειν
827 1985 887 2049 τοῦ
909 1977 1029 2062 ὕδατος
1049 1979 1273 2073 ψοφοῦντος.”

237 2079 326 2173 αόρα
347 2079 478 2165 τοίνυν,
480 2074 605 2169 555³
623 2080 757 2169 5y5‚“5
744 2083 789 2171 μή
813 2081 885 2167 οῦχὶ
907 2083 1103 2168 1155509‘
1087 2113 1105 2153 ο
1128 2080 1272 2174 άνδριδις,
1368 2106 1369 2149 4

172 2232 173 2235 κ
241 2182 324 2252 άλλδι
350 2183 507 2264 Τάλως
491 2211 508 2252 ο
532 2183 662 2274 Κρήςό
685 2193 744 2253 τοῦ
767 2193 897 2269 Μίνωος
918 2208 955 2277 η
981 2191 1036 2255 καί
1063 2185 1124 2311 γὰρ
1152 2186 1275 2267 ἐκεῖνος

237 2291 377 2371 χαλκοῦς
393 2314 445 2367 τις
462 2277 500 2376 ήν
517 2294 575 2375 τῆς
592 2287 722 2376 Κρήτης
739 2292 931 2378 περίπολος.
969 2290 1057 2357 εἶδέ
1077 2317 1122 2377 μη
1108 2288 1273 2372 χαλκοῦ,
1367 2352 1368 2385 3

241 2417 268 2456 5
285 2387 461 2479 Εόκρατες,
482 2387 565 2457 άλλὰ
584 2391 712 2472 ξόλου’
698 2398 832 2459 επεποίι
830 2417 889 2480 χ,το
911 2387 1058 2458 οὐδέν’
1018 2390 1117 2457 αυτὸν
1134 2389 1277 2460 ἐκώλυεν
1367 2432 1368 2437 1

242 2490 280 2559 55
300 2491 526 2582 Δημητρίου”
508 2517 600 2580 ερχον
619 2491 717 2575 εἶναι,
742 2490 826 2559 ἀλλὰ
842 2500 909 2560 τῶν
926 2493 1093 2559 Δαιδάλου
1112 2493 1274 2579 τεχνημά-

240 2615 320 2663 των·
335 2596 624 2683 δραπετεῦειχοῦν,
642 2593 688 2675 ὦς
702 2595 775 2684 φῂς,
792 2593 860 2661 άπὸ
870 2594 1067 2681 τήςβάσεως
1077 2597 1132 2660 καί
1142 2584 1271 2675 οῦτος.”

190 2719 225 2771 20
239 2692 356 2787 “555'’
369 2697 455 2822 555,
471 2689 525 2764 “5
547 2700 701 2785 Τυχιάδη,
721 2703 766 2785 μή
785 2722 840 2763 σοι
857 2695 1064 2785 μεταμελήση
1081 2703 1140 2765 τοῦ
1160 2696 1273 2783 σκώμ-

241 2825 344 2887 ματος
366 2796 511 2889 ὕστερον.
554 2798 679 2868 0555'
665 2798 727 2886 εγὼ
756 2798 811 2865 055
839 2796 1006 2866 έπαδενζ
984 2825 1008 2866 ο
1030 2797 1109 2879 τοὺς
1132 2796 1273 2884 ὀβολοὺς

139 2979 148 2984 ,
241 2901 361 3029 555555²
358 2927 456 2983 ιενος,
491 2902 548 2982 οῦς
573 2900 656 2969 κατὰ
681 2899 741 3026 τήν
763 2900 982 3028 505555555‘
966 2903 1103 2991 εκάστην
1134 2908 1271 2987 τίθεμεν

242 3003 350 3094 5555?
351 2986 714 3093 '“555555555555'’
726 3000 849 3072 ό”Ιων’
839 3004 912 3093 ε’φη,
929 3000 1271 3092 “555555555755555.

240 3115 315 3189 πῶς
334 3099 389 3176 οὖν
408 3105 506 3175 αὐτὸν
523 3105 683 3197 ἠμύνατο,
708 3098 736 3174 ὦ
753 3103 936 3196 Εόκρατεςς
959 3106 1121 3176 έθέλω
1084 3133 1147 3234 γαρ
1170 3104 1272 3176 5555-

241 3236 307 3294 σαι,
324 3211 355 3278 εἰ
363 3214 417 3278 και
427 3239 479 3279 οτι
487 3208 679 3296 μαλιστα
643 3235 756 3279 ουτοσι
745 3207 957 3299 ΤυχιαδηςΙ
937 3208 1134 3298 απιστησει.
1162 3206 1271 3277 “505-

241 3311 327 3396 λοί,”
351 3305 371 3401 5
395 3311 425 3381 δ’
441 3315 491 3396 ὃς,
516 3311 661 3383 ί(έκειντο
685 3312 799 3400 ὀβολοί
821 3312 907 3400 πρὸς
927 3325 998 3380 τοῖν
1020 3315 1140 3381 ποδοῖν
1167 3309 1270 3380 αῦτοῦ

240 3419 296 3483 καὶ
318 3414 401 3483 άλλα
423 3422 609 3502 νομίσματα
632 3418 701 3484 ένια
724 3414 849 3503 άργυρά
872 3411 957 3501 πρὸς
977 3412 1035 3482 τόν
1057 3414 1161 3504 μηρόν
1182 3420 1271 3503 κηρῷ

241 3522 465 3608 κεκολλημένα,
479 3523 536 3586 καὶ
548 3523 675 3586 πέταλα
689 3517 725 3599 έξ
737 3515 889 3606 άργόρου,
905 3515 997 3600 εὐχαί
1009 3543 1098 3598 τινος
1110 3514 1132 3606 5
1143 3515 1273 3603 μισθὸς
1364 3542 1365 3569 ν

242 3620 299 3688 έπλ
322 3628 362 3711 τῇ
387 3622 475 3689 ἰάσει
498 3619 621 3687 ὁπόσοι
644 3618 685 3686 δι’
701 3617 800 3686 αότὸν
823 3618 1010 3688 ἐπαύσαντο
1038 3626 1169 3710 πυρετῷ
1197 3618 1272 3702 έχό-
1364 3708 1365 3713 ¹

241 3726 344 3809 μενοι.
380 3714 417 3812 ήν
435 3725 472 3789 55
490 3720 566 3810 ήμῖν
583 3728 689 3807 Λίβυς
705 3750 757 3803 τις
779 3723 918 3812 οἰκέτης,
941 3722 1138 3808 κατάρατος,
1164 3723 1271 3790 550-
1364 3720 1365 3727 '

242 3827 358 3911 κόμος·
378 3817 476 3904 οὗτος
493 3824 683 3915 ἐπεχείρησε
700 3825 813 3907 νυκτὸς
829 3824 1019 3914 ὑφελέσθαι
1035 3825 1145 3894 πάντα
1164 3824 1272 3893 έκεῖνο

241 3932 298 3995 καὶ
314 3926 467 4017 ὑφείλετο
484 3930 730 4017 καταβεβηκότα
751 3927 813 4019 ἤδη
835 3931 979 4018 τηρήσας
1000 3927 1057 3995 τὸν
1080 3925 1270 4018 άνδριάντα.
1363 3950 1364 3955 ’

242 4027 318 4113 ἐπεὶ
336 4032 371 4098 δὲ
385 4029 579 4100 ἐπανελθὼν
591 4034 729 4118 τάχιστα
745 4033 824 4121 ’έχνω
839 4034 1136 4120 περισεσυλημένος
1151 4028 1168 4097 5
1184 4033 1272 4098 Πέλ-
