2782 4574
14 214 16 253 '
71 279 79 287 .
218 238 355 300 vam
381 238 1007 319 ιιεειτιεειιεεεεσειεε-εκ
1064 227 1126 295 m
1255 254 1258 257 ·

92 356 159 421 τῶν
175 345 316 435 ἑταίρων
333 342 423 425 τινὸς
440 346 692 432 παραλαβόντος
709 347 788 435 περὶ
801 350 905 430 μέσας
919 344 1035 426 νόκτας
1052 343 1131 427 ἐξω·

92 447 215 529 ναστάς
232 445 352 538 ἀπῄειν
370 444 453 516 εάθδ
472 455 531 536 τῆς
545 444 704 539 Ἁρπίνης,
724 446 808 515 ἐ’νθα
825 437 863 535 ἦν
880 445 900 536 ἡ
918 449 1019 534 πυρά.
1049 448 1128 518 στά-

14 616 15 641 ,
93 556 163 622 διοι
185 550 308 630 πάντες
329 539 423 620 οὗτοι
445 551 566 619 ε’ίκοσιν
589 547 658 619 ἀπὸ
682 557 740 639 τῆς
757 547 934 636 Ὀλυμπίας
959 549 1043 620 κατὰ
1066 547 1127 623 τόν
1240 544 1243 549 ⁸

14 646 16 743 ξ
94 654 309 742 ἱππόδρομον
330 649 499 722 ἀπιόντων
517 652 602 742 πρὸς
621 652 679 723 ἕω.
715 656 771 721 καί
793 652 868 723 ἐπεί
888 655 1028 737 τάχιστα
1047 650 1129 742 ἀφι-
1247 654 1254 663 ’

14 750 16 805 ¹
93 758 237 842 κόμεθα,
251 756 544 842 καταλαμβάνομεν
556 753 665 845 πυρόν
679 761 870 845 νενησμένην
884 755 917 824 ἐν
928 758 1036 843 βάθει
1049 753 1129 825 ὅσον

94 861 143 940 είς
162 856 296 949 όργυιδιν
313 858 352 927 τὸ
370 859 491 946 βάθος.
528 859 626 948 δᾷδες
647 848 730 947 ἦσαν
751 856 793 926 τά
815 857 926 927 πολλὰ
946 861 1001 929 καί
1023 883 1128 949 παρε-

92 968 237 1050 βέβυστο
251 967 316 1028 τῶν
331 960 512 1050 φρυγάνων,
529 957 576 1041 ὥς
589 957 758 1050 ἀναφθείη
772 961 920 1046 τάχιστα.
943 965 999 1031 καί
1011 958 1127 1052 ἐπειδὴ
1146 983 1180 1033 κε

93 1062 113 1155 ἡ
138 1065 255 1152 σελήνη
278 1060 443 1139 ἀνέτελλεν
460 1101 503 1112 -
525 1062 592 1132 έδει
613 1062 675 1152 γάρ
697 1061 845 1152 κάκείνην
866 1065 1067 1135 θεάσασθαι
1088 1063 1128 1133 τὸ

93 1168 269 1235 κάλλιστον
283 1172 384 1234 τοῦτο
407 1164 499 1254 ἐργον
517 1204 559 1216 -
576 1166 729 1256 πρόεισιν
752 1165 872 1247 ἐκεῖνος
894 1158 1130 1253 ἐσκευασμένος

93 1269 127 1351 ἐς
145 1267 205 1337 τὸν
223 1264 277 1334 ἀεὶ
293 1267 419 1356 τρόπον
436 1271 493 1335 καὶ
510 1266 569 1336 σὺν
587 1264 678 1357 αὐτῷ
696 1266 739 1336 τὰ
756 1271 831 1357 τέλη
849 1276 916 1337 τών
937 1276 1049 1351 κυνών,
1073 1272 1130 1337 καὶ

15 1362 19 1437 f
93 1373 242 1458 μάλιστα
261 1367 279 1439 δ
297 1371 453 1457 γεννάδας
470 1366 489 1437 δ
509 1369 543 1437 ἐκ
560 1377 700 1461 Πατρών
718 1372 805 1462 δᾷδα
827 1371 917 1455 έχων,
941 1368 979 1440 οά
1003 1375 1130 1460 φαῦλος

16 1530 17 1555 ,
94 1473 403 1562 δευτεραγωνιστής.
440 1470 641 1562 ἐδᾳδοφόρει
668 1475 704 1541 δὲ
734 1477 790 1542 καὶ
817 1471 836 1543 δ
863 1474 1028 1563 Πρωτεύς.
1073 1476 1130 1541 καὶ
1197 1474 1203 1481 ’

93 1575 343 1665 προσελθόντες
361 1571 460 1657 ἀλλος
478 1572 663 1658 ἀλλαχόθεν
681 1573 812 1666 ἀνῆψαν
833 1575 870 1647 τὸ
890 1583 958 1665 πῦρ
975 1581 1130 1665 μέγιστον

94 1674 154 1747 άτε
173 1674 245 1747 ἀπὸ
268 1679 378 1769 δᾴδων
399 1680 456 1745 καὶ
477 1678 666 1766 φρυγάνων·
693 1677 712 1747 δ
733 1681 783 1765 δέ,
806 1686 863 1748 καί
878 1704 938 1765 μοι
960 1680 1047 1748 πάνυ
1066 1677 1142 1767 ἤδη

94 1783 240 1870 πρόσεχε
257 1780 314 1850 τὸν
331 1787 416 1863 νοῦν,
442 1777 653 1866 ἀποθέμενος
669 1781 727 1870 τὴν
745 1783 855 1873 πήραν
877 1781 988 1851 καὶτὸ
1006 1784 1130 1870 τριβώ-

17 1884 18 1915 ³
94 1910 166 1954 νιον
193 1887 249 1952 καί
275 1882 313 1952 τὸ
337 1882 523 1973 Ἡράκλειον
550 1882 652 1955 έκεῖνο
679 1886 826 1975 ῥόπαλον
853 1887 929 1974 ἐστη
962 1885 995 1954 ἐν
1023 1882 1128 1974 ὀθόνη

16 1998 17 2001 ’
96 1988 238 2077 ῥυπώσῃ
258 1984 411 2078 ἀκριβῶς.
443 1982 516 2054 εἶτα
532 1982 605 2074 ᾔτει
622 1986 812 2072 λιβανωτὸν,
833 1986 879 2067 ώς
897 1989 1054 2074 ἐπιβάλοι
1072 1987 1130 2055 ἐπὶ

95 2089 134 2160 τὸ
153 2098 232 2179 πῦρ,
252 2093 307 2157 καὶ
325 2087 504 2168 ἀναδόντος
519 2088 608 2169 τινὸς
626 2087 769 2175 ἐπέβαλέ
785 2115 821 2157 τε
838 2094 894 2157 καί
912 2087 1003 2159 εἶπεν
1022 2088 1055 2168 ἐς
1072 2087 1130 2177 τὴν

96 2199 303 2284 μεσημβρίαν
326 2190 528 2278 ἀποβλέπων
551 2229 592 2241 -
613 2194 669 2258 καί
690 2191 752 2279 γὰρ
774 2195 830 2259 καὶ
851 2198 949 2259 τοῦτο
970 2191 1057 2277 πρὸς
1073 2190 1131 2278 τὴν

15 2338 17 2377 ,
86 2297 284 2386 ,τραγῳδίαν
301 2287 340 2384 ἦν
357 2293 376 2384 ἦ
390 2300 578 2383 μεσημβρία
591 2290 822 2378 -“δαίμονες
834 2302 981 2384 μητρῷοι
994 2296 1049 2361 καὶ
1063 2319 1131 2361 πα·
1194 2332 1198 2339 ·

96 2406 201 2490 τριβοι
214 2400 359 2482 δέξασθέ
372 2423 414 2483 με
427 2392 601 2482 εδμενεῖς.”
629 2403 734 2465 ταῦτα
748 2395 851 2465 εἰπών
865 2397 1027 2485 ἐπήδησεν
1045 2396 1079 2476 ἐς
1091 2394 1130 2464 τὸ

97 2509 177 2588 πῦρ,
198 2499 236 2569 οά
253 2500 317 2590 μὴν
330 2501 457 2594 ἑωρᾶτό
470 2526 516 2588 γε,
536 2497 620 2568 ἀλλά
637 2505 838 2589 περιεσχέθη
853 2497 921 2568 ὑπὸ
935 2507 993 2588 τῆς
1007 2497 1132 2589 φλογὸς
1159 2529 1163 2535 “

16 2660 17 2691 ³
99 2606 227 2691 πολλῆς
245 2601 393 2694 λινέους·

16 2702 17 2749 ³
150 2698 264 2786 Αὖθις
283 2704 350 2794 ὁρώ
368 2707 512 2793 γελώντά
531 2731 577 2789 σε,
599 2697 718 2774 ώκαλὲ
731 2705 858 2792 Κρόνιε,
878 2703 936 2794 τὴν
949 2728 1131 2792 καταστρο-
1148 2725 1182 2775 ει

16 2880 17 2893 ,
63 2860 67 2869 .
98 2809 166 2902 φὴν
184 2816 248 2891 τοῦ,
261 2809 437 2897 δράματος.
474 2807 537 2896 ἐγώ
557 2811 593 2877 δέ
610 2809 687 2888 τοὺς
703 2808 876 2896 μητρῴους
896 2809 955 2892 μὲν
974 2807 1132 2891 δαίμονας

101 2912 330 2999 ἐπιβοώμενον
347 2910 395 2996 μὰ
411 2909 465 2979 τόν
486 2909 540 2979 Δί’
562 2909 600 2980 οά
620 2912 752 3001 σφόδρα
769 2907 931 2999 ᾐτιώμην·
951 2906 1007 2980 ὅτε
1025 2910 1061 2978 δέ
1078 2912 1134 2978 καί

99 3015 179 3097 τοὺς
195 3014 372 3103 πατρῴους
390 3011 624 3094 ἐπεκαλέσατο,
649 3010 873 3099 ἀναμνησθείς
889 3018 955 3081 τών
976 3015 1055 3099 περὶ
1071 3019 1133 3081 τοῦ

100 3119 206 3209 φόνου
226 3118 402 3206 εἰρημένων
419 3112 496 3183 οάδέ
513 3121 657 3199 κατέχειν
676 3115 836 3203 ἐδυνάμην
853 3114 909 3182 τὸν
927 3117 1062 3201 γέλωτα.
1099 3113 1134 3182 ολ

101 3224 226 3291 κυνικοί
256 3222 293 3288 δέ
324 3219 540 3308 περιστάντες
568 3216 627 3306 την
656 3215 767 3306 πυρὰν
794 3213 852 3284 οάκ
881 3215 1037 3307 ἐδάκρυον
1063 3217 1132 3301 μέν,

102 3331 216 3414 σιωπῇ
239 3325 276 3391 δέ
297 3322 511 3391 ἐνεδείκνυντο
533 3321 639 3411 λόπην
660 3318 734 3389 τινὰ
762 3318 796 3400 ἐς
821 3318 860 3387 τό
887 3325 956 3405 πῦρ
983 3315 1132 3405 δρῶντες,

103 3425 180 3518 ἀχρι
194 3425 233 3516 δη
248 3423 446 3514 ἀποπνιγεὶς
460 3421 511 3494 ἐπ’
524 3421 646 3508 αὐτοῖς,
662 3419 868 3508 “ἀπίωμεν,”
888 3425 983 3513 φημὶ,
999 3413 1052 3489 “ώ
1069 3422 1136 3509 μά-

103 3550 208 3599 ταιοι·
236 3526 274 3598 οὗ
292 3526 354 3617 γάρ
377 3526 438 3617 ἡδὺ
456 3527 495 3597 τὸ
517 3534 633 3616 θέαμα
651 3526 842 3617 ώπτημένον
858 3527 1024 3617 γερόντιον
1043 3524 1133 3616 δρᾶν,

104 3640 214 3721 κνίσης
232 3629 548 3718 ἀναπιμπλαμένους
570 3639 726 3723 πονηράς.
762 3627 783 3718 ἢ
806 3636 996 3721 περιμένετε
1014 3627 1078 3698 ἐστ’
1094 3626 1135 3697 ἀν
1187 3640 1192 3649 “

105 3736 249 3826 γραφεύς
265 3761 318 3815 τις
340 3732 495 3803 ἐπελθὼν
517 3732 682 3824 ἀπεικάσῃ
706 3730 804 3819 ὑμᾶς,
830 3734 921 3813 οἵους
937 3731 1016 3812 τοὺς
1035 3732 1067 3800 ἐν
1085 3735 1133 3820 τῷ

107 3838 319 3926 δεσμωτηρίῳ
330 3837 480 3927 ἑταίρους
492 3838 712 3928 τῴΣωκράτει
720 3836 997 3925 παραγράφουσιν
1001 3829 1036 3919 ,·”
1054 3832 1136 3902 ἐκεῖ·

106 3965 154 4009 νοι
171 3942 231 4027 μὲν
250 3932 306 4009 οάν
324 3938 522 4030 ἠγανάκτουν
538 3942 595 4007 καλ
608 3939 833 4028 ἐλοιδοροῦντό
847 3963 915 4022 μοι,
936 3936 1018 4006 ένιοι
1030 3938 1067 4006 δὲ
1080 3938 1137 4008 καὶ

108 4036 162 4113 ἐπὶ
184 4041 244 4126 τὰς
261 4049 440 4136 βακτηρίας
461 4035 551 4136 ᾖξαν.
597 4039 669 4113 εἶτα
691 4040 806 4131 ἐπειδὴ
830 4037 995 4132 ἠπείλησα
1018 4067 1137 4134 συναρ-
