2748 4572
310 248 404 305 LVII.
430 246 567 303 ΜΥῙΑΣ
588 247 816 303 ΕΓΚΩΜΙΟΝ
836 247 922 301 1-4.
1091 234 1137 300 45

87 352 297 443 ἁπαλώτερα
315 350 437 436 έχουσα
458 348 501 418 τὰ
522 348 630 439 πτερὰ
652 347 731 420 ὅσον
752 358 810 440 τῆς
824 349 1008 442 Ἑλληνικῆς
1030 350 1135 441 ἐσθῆ-

88 484 149 537 τος
163 453 187 546 ἡ
202 452 320 544 Ἰνδικὴ
337 456 521 543 λεπτοτέρα
541 455 598 521 καί
618 457 845 542 μαλακωτέρα.
881 457 939 522 καί
960 453 1025 544 μην
1043 455 1135 545 διήν-

89 569 215 629 θισται
231 556 318 627 κατὰ
333 555 414 638 τούς
428 563 568 639 ταῶνας,
588 556 623 625 εί
636 583 687 635 τις
705 553 814 636 ἀτενές
826 560 948 643 βλέποι
962 557 1011 638 εἰς
1024 554 1133 647 αὐτὴν,

39 703 44 707 ·
71 660 225 733 ,ὁπόταν
248 659 459 730 ἐκπετάσασα
481 656 567 749 πρὸς
587 657 645 727 τὸν
665 653 758 747 ήλιον
779 659 1015 749 πτερύσσηται.
1051 657 1072 750 ἦ
1097 662 1168 732 δέν

91 771 218 854 πτῆσις
236 758 314 832 οὐτε
325 761 410 832 κατὰ
422 761 484 843 τὰς
496 762 686 850 νυκτερίδας
699 762 825 852 εἰρεσίᾳ
839 776 967 848 συνεχεῖ
973 770 1040 832 τῶν
1054 789 1136 832 πτε-

91 874 161 959 ρῶν
180 857 260 937 οὐτε
275 864 361 934 κατὰ
377 863 439 946 τὰς
461 862 599 954 ἀκρίδας
619 864 704 949 μετὰ
721 865 918 955 πηδήματος
940 864 1019 934 οὐδὲ
1037 863 1084 947 ῶς
1102 865 1138 934 ολ
1248 898 1254 913 ·

93 976 221 1059 σφῆκες
247 966 332 1055 μετὰ
358 969 569 1057 ῥοιζήματος,
598 963 667 1034 ἄλλ’
683 963 854 1057 εὐκαμπὴς
879 966 967 1058 πρὸς
993 964 1014 1037 ό
1034 996 1069 1038 τι
1094 965 1136 1039 άν

92 1079 196 1162 μέρος
209 1068 339 1162 ὁρμήσῃ
353 1078 412 1139 τοῦ
427 1068 534 1160 ἀέρος.
557 1073 613 1137 καί
626 1068 691 1157 μὴν
703 1068 832 1140 κάκεῖνο
846 1072 1027 1160 πρόσεστιν
1041 1067 1133 1162 αὐτῇ,

93 1175 132 1244 τὸ
150 1174 197 1263 μὴ
215 1172 293 1241 καθ’
309 1171 455 1262 ἡσυχίαν,
481 1170 566 1240 δλλδ
588 1170 656 1258 μετ’
674 1169 761 1261 ᾠδῆς
778 1179 947 1243 πέτεσθαι
970 1172 1029 1241 οὐκ
1046 1170 1136 1264 ἄπη-

94 1285 171 1358 νοῦς
190 1277 248 1344 οἵα
264 1276 434 1343 κωνώπων
451 1277 508 1342 καὶ
526 1274 683 1359 ἐμπίδων,
704 1272 781 1344 οὐδέ
792 1273 832 1344 τὸ
848 1277 1056 1365 βαρύβρομον
1068 1282 1136 1346 τῶν

93 1384 259 1466 μελιττῶν
275 1375 297 1466 ἢ
314 1385 382 1447 τῶν
399 1385 533 1468 σφηκῶν
550 1376 589 1447 τὸ
609 1376 753 1467 φοβερὸν
774 1381 830 1446 καί
852 1376 1065 1466 ὐπειλητικδν
1083 1378 1135 1447 ἐν·

95 1484 302 1571 δακνομένη,
332 1480 416 1549 ἀλλὰ
443 1481 603 1549 τοσοῦτόν
626 1480 698 1549 ἐστι
723 1482 925 1570 λιγυρωτέρα
952 1477 1031 1552 ὅσον
1054 1483 1135 1549 σάλ·

95 1610 215 1673 πιγγος
237 1587 293 1651 καί
319 1585 494 1670 κυμβάλων
520 1581 617 1651 αὐλοί
641 1584 878 1673 μελιχρότεροι.
918 1582 961 1652 ’τὸ
990 1585 1026 1652 δλ
1053 1579 1170 1656 άλλοε

95 1695 196 1773 σῶμα
213 1683 234 1775 ή
252 1687 311 1771 μὲν
328 1683 454 1775 κεφαλὴ
477 1687 665 1754 λεπτότατα
685 1693 734 1775 τῷ
757 1683 868 1771 αὐχένι
890 1680 1059 1772 συνέχεται
1079 1689 1135 1755 καλ

5 1776 6 1781 ¹
95 1791 184 1860 ἐστιν
204 1786 457 1877 εὐπεριάγωγος,
479 1786 517 1856 οὐ
536 1802 771 1878 συμπεφυκυῖα
789 1785 835 1869 ῶς
851 1784 872 1877 ἡ
890 1796 957 1858 τῶν
975 1786 1134 1879 ἀκρίδων·

96 1891 277 1983 ὀφθαλμοὶ
290 1893 327 1959 δέ
339 1904 534 1979 προπαγεῖς,
554 1890 641 1960 πολὺ
654 1898 714 1959 τοῦ
728 1897 863 1981 κέρατος
882 1891 1022 1976 έχοντες·
1042 1898 1137 1982 στέρ-
1201 1922 1205 1931 ·

97 2023 153 2065 νον
167 1994 319 2082 εὐπαγές,
339 1997 394 2060 καὶ
408 1993 635 2083 ἐμπεφύκασιν
650 1992 731 2083 αὐτῇ
745 1995 779 2062 σί
790 1996 894 2075 πόδες
908 1993 946 2063 οὐ
961 1993 1045 2064 κατὰ
1058 1994 1137 2076 τούς

98 2106 229 2187 σφῆκας
243 2098 330 2165 πάνυ
345 2096 546 2186 ἐσφιγμένοι.
574 2094 594 2185 ἡ
608 2095 732 2185 γαστήρ
747 2097 784 2164 δὲ
798 2094 971 2187 ὠχύρωται
984 2101 1040 2165 καί
1053 2096 1135 2186 αὐτή

5 2214 6 2293 J
97 2205 157 2268 καὶ
179 2202 309 2287 θώρακι
332 2199 417 2267 ἐοικε
439 2201 543 2282 ζώνας
569 2203 731 2279 πλατείας
756 2203 812 2267 καί
839 2203 981 2290 φολίδας
1004 2201 1134 2283 ἐ’χουσα.

98 2301 264 2388 άμύνεται
277 2308 388 2387 μέντοι
406 2301 445 2370 οὐ
463 2301 547 2370 κατὰ
564 2299 807 2391 τούρροπύγιον
830 2300 881 2382 ώς
894 2302 984 2393 σφὴξ
1003 2306 1060 2370 καὶ
1076 2308 1137 2387 μέ·
1193 2352 1199 2357 -

97 2408 209 2486 λιττα,
234 2402 316 2473 άλλὰ
333 2413 382 2493 τῷ
401 2407 543 2491 στόματι
559 2408 615 2472 καὶ
630 2412 671 2495 τῇ
690 2408 902 2491 προβοσκίδι,
927 2405 966 2494 ἣν
987 2403 1071 2473 κατὰ
1092 2404 1135 2473 τὰ

100 2505 185 2574 αὐτὰ
207 2521 279 2588 τοῖς
301 2508 440 2598 ἐλέφασι
461 2510 517 2574 καί
538 2504 620 2595 αὐτὴ
647 2506 768 2591 ἔχουσα
793 2510 993 2597 προνομεύει
1018 2534 1055 2576 τε
1079 2511 1137 2576 καὶ

99 2608 362 2695 ἐπιλαμβάνεται
379 2613 434 2678 καί
451 2617 634 2700 προσφῦσα
651 2617 779 2695 κατέχει
791 2612 986 2700 κοτυληδόνι
998 2609 1082 2679 κατὰ
1095 2609 1135 2679 τὸ

99 2708 199 2799 άκρον
213 2711 367 2781 ἐοικυῖαν.
395 2713 430 2780 ἐκ
443 2714 480 2780 δέ
493 2711 592 2802 αὐτῆς
606 2711 704 2795 όδσῦς
717 2716 912 2803 προκύπτει,
933 2705 960 2800 ᾦ
977 2720 1137 2781 κεντοῦσα

99 2821 192 2883 πίνει
212 2822 271 2883 τοῦ
295 2817 450 2901 αἵματος·
476 2822 567 2885 πίνει
583 2818 642 2901 μέν
659 2816 721 2906 γὰρ
739 2819 796 2884 καὶ
816 2816 990 2907 γάλακτος,
1013 2812 1075 2904 ήδὺ
1099 2815 1136 2882 δέ
1233 2855 1235 2861 .

99 2917 183 3006 αὐτῇ
201 2916 313 2986 καὶτὸ
332 2917 428 3003 αίμα,
453 2916 491 2985 οὐ
513 2918 598 3004 μετὰ
614 2920 759 3007 μεγάλης
782 2916 899 3008 ὀδύνης
920 2926 987 2988 τῶν
1005 2943 1137 2988 κεντου-

97 3026 215 3106 μένων.
253 3019 398 3103 ἑξάπους
416 3023 455 3089 δέ
476 3013 560 3090 οὐσα
580 3036 653 3102 τοῖς
669 3024 728 3108 μὲν
749 3027 904 3108 τέτταρσι
923 3022 1053 3108 βαδίζει
1074 3023 1138 3108 μό-

98 3148 178 3204 νοις,
199 3135 272 3203 τοῖς
290 3125 326 3191 δέ
339 3130 523 3213 προσθίοις
535 3126 629 3193 δυσίν
643 3120 708 3193 όοα
720 3127 777 3191 καί
788 3127 882 3212 χερσί
892 3132 1021 3214 χρῆται.
1049 3126 1137 3204 ἰ’δοις

100 3222 141 3292 ἂν
160 3216 218 3293 οῦν
236 3222 336 3315 αὐτὴν
354 3225 412 3295 ἐπὶ
429 3228 593 3315 τεττάρων
609 3233 785 3314 βεβηκυῖαν
808 3226 946 3310 ἐ’χουσάν
963 3254 997 3295 τι
1016 3226 1048 3295 ἐν
1065 3239 1137 3294 τοῖν

7 3356 9 3359 ·
98 3341 210 3414 χεροῖν
232 3334 396 3415 μετέωρον
423 3330 586 3413 ἐδώδιμον
613 3327 835 3419 άνθρωπίνως
860 3331 949 3397 πάνυ
976 3331 1031 3399 καλ
1056 3325 1135 3396 καθ’

99 3428 198 3518 ἡμᾶς.
234 3439 378 3518 γίγνεται
400 3433 437 3500 δὲ
459 3429 517 3499 οὐκ
540 3429 644 3512 εὐθύς
665 3434 816 3520 τοιαύτη,
842 3430 927 3501 ἀλλὰ
951 3433 1082 3521 σκώληξ
1096 3431 1136 3501 τὸ
1154 3456 1172 3503 4

99 3539 238 3621 πρῶτον
255 3532 332 3622 ήτοι
349 3533 387 3616 ἐξ
402 3532 594 3624 άνθρώπων
611 3531 632 3624 ἢ
651 3533 759 3604 άλλων
772 3537 864 3625 ζῴων
879 3533 1137 3629 ἀποθανόντων·

100 3632 175 3702 εἶτα
193 3633 261 3702 κατ’
274 3633 383 3724 ὀλίγον
401 3639 510 3718 πόδας
526 3663 562 3706 τε
579 3637 712 3728 ἐκφέρει
728 3641 784 3706 καλ
802 3640 882 3728 φύει
897 3637 941 3707 τὰ
958 3638 1065 3725 πτερδι
1081 3641 1139 3704 καὶ

8 3774 10 3777 v
101 3735 140 3818 ἐξ
165 3736 306 3823 ἑρπετοῦ
332 3736 444 3826 όρνεον
468 3748 626 3829 γίγνεται,
653 3744 710 3809 καί
730 3754 893 3830 κυοφορεῖ
914 3743 951 3808 δέ
971 3744 1026 3807 καὶ
1050 3736 1150 3807 ἀπο..

100 3847 205 3908 τίκτει
223 3842 376 3930 σκώληκα
391 3841 507 3931 μικρὸν
524 3843 581 3932 τήν
598 3857 698 3928 μυῖαν
715 3839 861 3932 ὐοτερον.
898 3842 1083 3930 σύντροφος
1101 3843 1137 3909 δέ

101 3938 304 4029 ἀνθρώποις
323 3941 519 4035 ὐπάρχουσα
540 3950 596 4014 καὶ
618 3943 811 4031 ὁμοδίαιτος
832 3949 888 4012 καὶ
910 3942 1139 4032 ὁμοτράπεζος

101 4041 262 4115 ἁπάντων
279 4050 409 4133 γεύεται
425 4047 511 4138 πλην
529 4049 656 4117 ἐλαίου·
683 4048 832 4129 θάνατος
848 4049 911 4137 γὰρ
934 4047 1016 4139 αὐτῇ
1037 4055 1136 4116 τοῦτο
