2748 4572
312 257 392 313 LIX.
418 255 519 312 ΠΕΡΙ
539 256 765 313 ΔΙΑΒΟΛΗΣ
787 260 907 317 13-17.
1085 252 1145 319 θλ

14 432 15 461 ,
94 358 172 435 δδέ
188 358 331 441 άυοόσας
349 359 453 442 εὐθὺς
473 361 592 446 μόωπι
613 361 670 435 διά
690 370 750 433 τοῦ
774 362 859 445 ὠτὸς
880 369 996 449 τυπεὶς
1019 369 1129 438 διακέ-

14 464 16 541 ἰ
91 490 212 536 καυται
230 461 276 544 ὥς
291 462 331 532 τό
350 462 438 543 εἰκὸς
453 468 512 533 καί
527 462 763 555 ἀπέστραπται
776 465 833 536 τὸν
847 471 954 558 φίλον,
975 468 1013 539 οὗ
1031 499 1128 561 περι-

14 614 15 629 .
90 575 207 656 μείνας
226 566 284 635 τὸν
306 563 423 655 ἀκριβῆ
445 566 584 659 ἔλεγχον.
621 564 706 648 όλυις
731 570 795 661 γάρ
816 569 859 638 τδι
884 579 1023 642 τοιαῦτα
1050 574 1125 645 ἐπι
1146 600 1181 650 ιο

90 677 206 741 νοοῦσι
218 673 275 738 καί
288 672 447 757 λέγουσιν,
468 670 491 737 δι
502 671 648 756 μάλιστα
660 673 772 740 ἰ’σοσιν
786 674 834 753 είς
848 672 946 763 ὀργὴν
965 678 1128 762 δυνάμενα

90 777 371 864 προκαλέσασθαι
389 771 448 841 τὸν
470 770 686 865 ἀκροώμενον,
710 779 767 843 καλ
789 775 873 844 ’ἔνθα
889 780 1016 867 τρωτός
1039 779 1127 850 ἐστιν

89 876 230 956 ἕκαστος
256 875 485 961 ἐπιστάμενοι,
513 873 569 943 ἐπ’
590 875 692 946 έκεῖνο
718 880 892 960 τοξεύουσι
917 885 973 950 καὶ
999 880 1128 952 άκοντί-

14 1024 15 1027 =
89 981 201 1063 ζουσιν
225 979 273 1059 εἰς
295 975 387 1059 αὐτὸ,
412 975 499 1047 ὡότε
516 986 556 1069 τῇ
579 987 769 1066 παραυτίκα
787 978 867 1072 ὀργῇ
889 992 1127 1072 τεταραγμένον

87 1089 206 1172 μηκέτι
225 1079 342 1168 σχολήν
360 1079 450 1167 άγειν
466 1089 506 1171 τῇ
525 1081 673 1164 ἐξετάσει
689 1090 747 1172 τῆς
763 1082 940 1173 ἀληθείας,
965 1084 1049 1155 άλλδι
1065 1086 1125 1156 κάν

38 1230 42 1236 ι
87 1186 191 1273 ἐθέλῃ
215 1210 267 1263 τις
285 1181 545 1269 ἀπολογεῖσθαι,
568 1184 613 1273 μὴ
631 1192 851 1274 προσίεσθαι,
876 1196 923 1276 τῳ
942 1193 1123 1279 παραδόξῳ

85 1296 143 1377 τῆς
164 1285 358 1376 άκροάσεως
376 1284 422 1366 ὦς
440 1284 563 1375 άληθεί
585 1293 916 1376 προκατειλημμένον.
958 1289 1125 1378 άνυσιμιό-
1145 1318 1178 1365 ιε

85 1416 189 1459 τατον
211 1388 274 1477 γάρ
295 1387 335 1456 τὸ
356 1386 447 1469 εἶδος
464 1398 521 1478 τής
540 1392 695 1478 διαβολῆς
716 1390 755 1459 τὸ
773 1389 966 1461 ὑπεναντίον
987 1402 1045 1481 τῆς
1066 1403 1124 1461 τοῦ
1196 1449 1202 1457 ,

83 1491 269 1572 άκοόοντος
295 1490 494 1576 ἐπιθυμίας,
524 1491 629 1562 όπότε
655 1498 711 1561 καὶ
736 1492 830 1581 παρδι
853 1500 1048 1586 Πτολεμαίῳ
1076 1505 1125 1585 τηῖ

14 1624 16 1685 η
85 1597 243 1683 Διονύσῳ
267 1594 479 1683 ἐπικληθέντι
502 1589 627 1684 ἐγένετό
650 1623 702 1677 τις
724 1597 762 1677 ὃς
784 1598 935 1684 διέβαλλε
956 1598 1014 1668 τὸν
1035 1602 1126 1668 Πλα-

14 1688 15 1733 *
82 1698 227 1768 τωνικδν
253 1699 452 1786 Δημήτριον,
481 1694 535 1767 ότι
559 1696 648 1799 ὕδωρ
673 1727 710 1768 τε
735 1706 825 1769 πίνει
850 1706 907 1769 καὶ
931 1704 1034 1797 μόνος
1052 1709 1124 1771 τῶν

84 1799 197 1870 άλλων
216 1814 383 1888 γυναικεῖα
401 1799 458 1868 οὗκ
476 1801 648 1872 ἐνεδύσατο
667 1802 701 1869 ἐν
718 1817 790 1883 τοῖς
803 1811 1006 1885 Διονυσίοις·
1024 1808 1080 1873 καί
1094 1806 1128 1872 εἴ

14 1922 16 2003 η
83 1931 119 1993 γε
138 1904 186 1993 μή
206 1907 343 1991 κληθείς
361 1903 468 1971 ἕωθεν
486 1900 567 1973 ἐπιέ
577 1932 613 1973 τε
630 1907 764 1974 πάντων
779 1905 931 1996 δρώντων
944 1912 1000 1975 καὶ
1014 1907 1124 1993 λαβὼν

14 2006 16 2083 λ
84 2007 331 2096 ταραντινίδιον
350 2005 547 2093 ἐκυμβάλισε
563 2012 620 2074 καὶ
641 2011 917 2098 προσωρχήσατο,
944 2008 1123 2078 ἀπωλώλει

84 2108 128 2179 ’ἂν
149 2108 196 2190 ὡς
216 2107 274 2192 οὐχ
295 2107 456 2198 ἡδόμενος
478 2118 526 2198 τῷ
543 2116 607 2197 βίῳ
625 2117 684 2178 τοῦ
705 2114 881 2195 βασιλέως,
907 2109 975 2178 ἀλλ’
992 2109 1123 2180 άντιοο-

14 2278 15 2297 ,
86 2211 213 2309 φιστής
231 2208 276 2280 ὢν
293 2215 349 2279 καὶ
367 2210 549 2296 ἀντίτεχνος
565 2220 623 2300 τῆς
641 2217 847 2297 Πτολεμαίου
866 2220 1002 2302 τρυφῆς.

143 2312 241 2402 Παρὰ
259 2316 292 2382 δέ
307 2312 504 2404 Ἀλεξάνδρῳ
521 2322 658 2405 μεγίστη
677 2317 761 2383 ποτέ
778 2322 897 2384 πασῶν
920 2312 959 2383 άν
983 2315 1120 2406 διαβολὴ
1142 2341 1173 2387 17

86 2422 232 2505 λέγοιτο,
260 2418 290 2485 εἰ
317 2417 424 2486 ἐλοιτό
452 2445 503 2499 τις
527 2418 573 2507 μή
600 2422 708 2505 σέβειν
734 2419 818 2505 μηδὲ
843 2431 1038 2507 προσκυνεῖν
1066 2417 1123 2488 τὸν

85 2519 325 2609 Ἡφαιστίωνα·
353 2520 428 2588 ἐπεὶ
452 2520 514 2609 γὰρ
542 2519 712 2590 ἀπέθανεν
730 2519 944 2611 Ἡφαιστίων,
972 2519 1041 2589 ὑπὸ
1063 2530 1123 2590 τοῦ

88 2624 212 2710 ἔρωτος
231 2621 437 2711 Ἀλέξανδρος
459 2623 627 2713 ἐβουλήθη
654 2632 857 2711 προσθεῖναι
882 2628 938 2692 καί
963 2632 1060 2692 τοῦτο
1083 2633 1123 2714 τῇ

87 2730 190 2816 λοιπῇ
209 2728 430 2815 μεγαλουργίᾳ
446 2730 502 2794 καί
519 2726 601 2795 θεὸν
617 2734 846 2816 χειροτονῆσαι
862 2725 919 2794 τὸν
936 2730 1123 2813 τετελευτη-

87 2830 180 2897 κότα.
202 2825 327 2908 νεόθδς
349 2820 406 2896 οὖν
432 2831 514 2909 ναός
534 2855 570 2897 τε
593 2827 772 2899 ἀνίστασαν
795 2830 831 2896 αἱ
852 2828 968 2908 πόλεις
992 2832 1049 2898 καί
1070 2852 1124 2896 τε-

15 3002 16 3009 ,
86 2939 168 3020 μένη
195 2932 399 3020 καθιδρύετο
424 2935 480 2999 καί
505 2935 615 3017 βωμοὶ
640 2935 839 3000 καὶ-θυσίαι
860 2935 916 2998 καὶ
938 2931 1050 3017 ἑορταὶ
1075 2937 1122 3019 τῷ

15 3038 16 3083 ῑ
86 3041 190 3122 καινῷ
208 3032 317 3121 τούτῳ
335 3041 409 3122 θεῷ
428 3035 653 3115 ἐπετελοῦντο,
677 3037 732 3100 καί
755 3032 773 3101 ό
791 3039 945 3121 μέγιστος
967 3031 1064 3120 όρκος
1085 3025 1124 3120 ήν

88 3133 218 3205 άπασιν
228 3134 437 3226 Ἡφαιστίων.
466 3137 496 3204 εἰ
514 3138 551 3204 δέ
566 3162 618 3215 τις
631 3134 653 3224 ἢ
665 3136 850 3220 μειδιάσειε
862 3135 948 3224 πρὸς
961 3134 1003 3202 τά
1016 3132 1124 3221 γιγνό-

87 3266 171 3324 μενα
188 3236 211 3327 ἢ
227 3239 273 3326 μή
297 3246 449 3326 φαίνοιτο
472 3241 559 3307 πάνυ
584 3237 736 3323 εὐσεβῶν,
760 3239 909 3316 θάνατος
932 3237 1080 3302 ἐπέκειτο
1102 3233 1123 3323 ἡ

89 3344 200 3429 ζημία.
245 3339 536 3429 ὑπολαμβάνοντες
559 3343 595 3409 δέ
619 3342 652 3409 οἱ
677 3342 812 3419 κόλακες
837 3338 895 3426 τήν
921 3338 1124 3427 μειρακιώδη

87 3446 211 3532 ταύτην
228 3451 287 3511 τοῦ
299 3442 506 3539 ι’ίλεξάνδρου
522 3444 707 3528 ἐπιθυμίαν
719 3444 939 3531 προσεξέκαον
953 3438 1056 3521 εὐθὺς
1064 3443 1124 3525 Ικαὶ

89 3543 323 3636 ἆνεζωπόρουν
332 3544 485 3637 ὀνείρατα
499 3549 715 3636 διηγούμενοι,
730 3554 789 3615 τοῦ
800 3544 1040 3636 Ἡφαιστίωνος
1050 3545 1124 3612 ἐπι-

89 3657 230 3738 φανείας
248 3648 352 3731 τινας,
371 3653 426 3718 καί
447 3651 572 3737 ἰάματα
590 3651 842 3739 προσάπτοντες
861 3646 950 3735 αὐτῷ
968 3651 1024 3713 καὶ
1040 3671 1124 3731 μαν·

88 3758 182 3832 τείας
199 3752 468 3845 ἐπιφημίζοντες·
491 3758 547 3820 καὶ
563 3758 656 3833 τέλος
674 3755 775 3822 ἐ’θυον
793 3744 949 3837 παρέδρῳ
973 3751 1029 3814 καὶ
1048 3744 1124 3813 άλε-

90 3855 213 3944 ξικάκῳ
237 3862 320 3943 θεῷ.
358 3852 376 3923 ὃ
400 3857 436 3923 δέ
449 3842 655 3945 Ἀλέξανδρος
676 3852 773 3942 ήδετό
796 3878 833 3920 τε
854 3849 981 3919 άκοόων
1003 3847 1123 3916 καὶτὰ

87 3961 263 4027 τελευταῖα
277 3956 429 4026 ἐπίστευε
442 3962 497 4026 καί
509 3962 594 4046 μέγα
608 3948 741 4046 ἐφρόνει
755 3953 876 4023 ’ὡσανεὶ
890 3951 928 4022 οὗ
942 3958 1027 4020 θεοῦ
1040 3964 1124 4031 παῖς

88 4057 135 4130 (ἐν
160 4062 279 4150 μόνον,
308 4057 392 4129 ἀλλὰ
416 4065 473 4130 καί
498 4060 601 4142 θεοὺς
627 4073 737 4130 ποιεῖν
764 4059 951 4144 δυνάμενος.
995 4057 1124 4136 πόσους
1240 4069 1244 4074 ’
1307 4110 1313 4120 ,

624 4154 628 4169 ,
917 4159 953 4212 5,
