2748 4572
231 209 275 275 70
618 211 872 283 ιοειειεαοτ
968 198 995 280 J

228 326 313 407 ἐστι,
340 324 437 392 ταυτὶ
458 301 599 410 φθάσας
620 320 822 408 κατηγόρησε
843 325 903 387 τοῦ
925 321 1081 406 πλησίον,
1111 315 1275 407 ἐκφυγεῖν·

230 425 316 499 οῦτω
342 426 548 516 πειρώμενος
572 422 630 512 τὴν
657 424 822 512 διαβολήν.
867 425 923 493 καλ
949 418 1035 502 ὅλως
1063 418 1183 509 λχθρδν
1204 422 1266 506 μέν

230 529 339 610 οῦδελς
361 526 400 598 δν
422 527 596 615 τολμήσειε
619 527 802 611 διαβαλεῖν·
830 521 975 605 ῦπιστσς
1000 522 1063 612 γὰρ
1091 519 1217 591 αῦτόθι
1242 520 1265 612 5

228 637 416 723 κατηγορία,
436 631 604 720 πρόδηλον
623 629 743 712 ἔχουσα
759 627 819 717 τήν
837 628 960 696 αἰτίαν·
982 640 1055 707 τοῖς
1072 627 1209 694 δοκοῦσι
1229 627 1267 695 δὲ

228 737 374 822 μάλιστα
400 737 512 823 φίλοις
540 732 745 822 ἐπιχειροῦσι
773 729 831 819 τήν
861 729 949 817 πρὸς
977 728 1055 810 τοὺς
1084 726 1266 810 ἀκούοντας

230 835 358 921 εῦνοιαν
377 837 521 926 ἐμφῆναι
538 835 807 922 προαιρούμενοι,
828 828 882 901 ὅτι
898 832 958 900 έπλ
973 840 1022 921 τήν
1037 833 1166 901 ἐκείνων
1180 856 1268 918 συμ-

103 962 106 967 “
176 964 212 1013 25
231 946 367 1031 φέροντι
384 937 462 1008 οῦδὲ
476 947 544 1008 τῶν
567 938 778 1062 ηίκειοτῦτων
801 933 995 1019 ἀπέσχοντο.
1032 934 1084 1003 εἰσ
1085 938 1098 1003 λ
1120 936 1158 1001 δέ
1177 960 1266 1016 τινες

230 1049 265 1112 05
288 1041 349 1112 κδν
375 1038 575 1168 5555555‘
559 1037 697 1128 ῦστερον
728 1037 850 1119 ἀδίκως
877 1040 1152 1139 διαβεβλημένους
1182 1034 1263 1128 παρ’

192 1144 344 1226 αῦτσῖς
365 1144 448 1225 τοὺς
465 1140 645 1234 φίλους,δ
645 1169 717 1228 μως
738 1139 795 1210 ὕπ’
812 1141 965 1230 αίσχόνης
993 1131 1038 1209 ὧν
1065 1124 1266 1210 ἐπέστωσαν

230 1246 368 1318 οὐδ”έτι
385 1254 593 1338 προσίεσθαι
615 1243 693 1315 0555
714 1249 938 1333 προσβλέπειν
959 1247 1126 1328 τολμῶσιν
1149 1241 1268 1346 αῦτσίς
1364 1292 1365 1295 ¹

111 1410 117 1425 .
230 1347 344 1441 ιῦσπερ
362 1345 602 1440 ἠδικημένοι,“
582 1377 634 1418 οτι
651 1351 751 1438 μηδὲν
770 1345 963 1427 ἀδικοῦντας
981 1340 1195 1434 ἐπέγνωσαν.

177 1477 211 1526 26
285 1461 465 1544 Τοιγαροῦν
487 1454 620 1521 πολλῶν
642 1458 749 1520 κακιῦν
777 1449 794 1519 5
821 1457 896 1537 βίος
922 1450 1076 1537 ἐπλήσθη
1102 1446 1170 1517 ῦπὸ
1197 1455 1267 1517 τιῦν
1363 1492 1365 1539 f

231 1555 316 1627 οῦτω
336 1559 459 1648 ῥηιδίως
477 1559 533 1623 καὶ
550 1553 773 1637 ἀνεξετάστως
795 1558 1065 1637 πεπιστευμένων
1088 1554 1264 1639 διαβολῶν.
1322 1580 1325 1587 ’
1364 1548 1365 1551 “

214 1660 248 1750 5
266 1662 325 1747 μὲν
343 1659 405 1749 γὰρ
420 1657 572 1747 Ἄντεια,

67 1778 71 1787 ¹
139 1760 143 1765 ’
187 1802 191 1832 3
271 1769 433 1849 Τεθναίης
448 1762 583 1850 (φησὶν),
600 1751 802 1849 οῦΠροῖτ’,ή
815 1759 951 1827 κάκτανε
963 1758 1242 1848 Βελλεροφόντην,
1280 1834 1285 1840 ,
1364 1786 1365 1837 ι

268 1861 354 1950 ῦςμ
372 1863 486 1932 έθελεν
504 1864 659 1952 φιλότητι
676 1863 852 1957 μιγήμεναι
870 1858 928 1928 οῦκ
947 1860 1125 1949 ἕθελοῦση·
1364 1858 1365 1865 '

230 1965 312 2058 αῦτη
298 1967 473 2057 προτέρα
487 1966 725 2056 ἐπιχειρήσασα
738 1991 795 2032 και
783 1962 1054 2054 ὑπεροφθεῖσα.
1078 1966 1133 2030 καὶ
1145 1969 1266 2051 μικροῦ

199 2120 202 2124 ι
229 2099 247 2139 ο
235 2070 428 2152 νεανίας
414 2096 447 2139 εν
464 2077 504 2160 τή
522 2068 608 2159 πρὸς
629 2067 687 2193 τήν
702 2074 871 2154 Χίμαιραν
894 2070 1066 2156 συμπλοκή
1091 2067 1263 2156 διεφθάρη

159 2233 166 2240 .
229 2174 397 2259 ἐπιτίμιον
415 2173 632 2296 σωφροσύνης
654 2168 811 2253 ῦποσχών
833 2173 888 2237 καί
910 2177 969 2258 τῆς
991 2167 1077 2259 πρὸς
1098 2168 1156 2237 τὸν
1175 2172 1266 2251 ξένον
1364 2196 1365 2201 ’

228 2273 379 2355 αἰδοῦς
360 2302 428 2343 οπο
415 2268 568 2399 μῦχλση
582 2273 733 2362 γυναικὸς
747 2273 1069 2359 ἐπιβεβουλευμένος.
1096 2299 1116 2360 η
1103 2269 1167 2342 ‘55
1182 2277 1268 2340 Φαί-

229 2380 305 2466 δρα,
329 2375 421 2445 κῦκεί
421 2406 457 2465 νη
477 2377 520 2445 τὰ
544 2374 645 2463 ὅμοια
666 2384 871 2446 κατειποῦσα
892 2383 952 2444 τοῦ
975 2375 1153 2463 προγόνου,
1177 2373 1269 2441 έπά-
1364 2386 1365 2453 ]

230 2506 330 2569 ρατον
348 2480 486 2568 ἐποίησε
503 2479 560 2549 τὸν
575 2479 777 2549 Ἱππόλυτον
788 2484 946 2568 γενέσθαι
959 2477 1030 2547 ὗπδ
1045 2485 1104 2548 τοῦ
1122 2474 1265 2565 πατρὸς,

178 2606 211 2653 27
232 2575 334 2665 οῦδὲν,
360 2573 501 2665 ιῦθεολ,
518 2581 622 2652 οῦδὲν
645 2581 779 2653 ἀνόσιον
802 2583 1022 2671 εἰργασμένον.
1067 2583 1134 2662 ναί,
1158 2580 1267 2669 φήσει

227 2706 294 2766 τις·
313 2683 381 2754 ἀλλ’
394 2683 625 2768 ἆξιόπιστός’
611 2712 699 2756 εστιν
718 2687 750 2756 έν
752 2693 821 2754 ίοτε
840 2713 858 2755 ο
846 2681 1096 2771 (διαβάλλων’
1077 2681 1156 2773 ανὴρ
1170 2683 1212 2753 τά
1225 2709 1268 2772 γε
1364 2712 1365 2759 1

229 2786 372 2857 δι’λλαί
336 2791 465 2870 δίκαιος
486 2794 542 2857 καὶ
565 2790 699 2871 συνετὸς
721 2787 805 2859 εἶναι
824 2791 954 2873 δοκοῦν,
961 2787 1054 2856 καλ’
1040 2794 1134 2877 εχρήν
1156 2811 1268 2872 προσ-
1364 2828 1365 2843 1

229 2898 312 2975 έχειν
331 2890 419 2980 αῦτη]
439 2889 498 2960 δι’τε
515 2890 657 2980 μηδέν”
634 2920 674 2960 αν
691 2899 823 2961 τοιοῦτο
841 2894 1109 2980 κακουργήσαντι.
1142 2881 1192 2980 ἆρ’
1205 2881 1269 2958 οῦν

227 3000 287 3074 τοῦ
301 2991 441 3082 Αριστεί
429 2994 538 3062 5’5ov
520 3020 592 3062 εστι
608 3021 660 3075 τις
679 2996 900 3085 δικαιότερος,·
919 2990 1025 3061 555⁰
1005 3020 1096 3079 ομως
1113 2991 1266 3074 κάκεῖνος
1364 3012 1365 3071 3

229 3097 395 3185 συνέστη
380 3101 437 3183 επὶ
450 3096 507 3165 τὸν
522 3102 741 3183 θεμιστοκλέα
752 3102 809 3167 καὶ
823 3094 1108 3220 συμπαρώξυνεῖ
1074 3123 1132 3165 τον
1148 3097 1264 3184 δῆμον,

129 3280 134 3288 „
227 3189 276 3287 ἧς,
296 3204 408 3289 φασὶν,
434 3201 555 3281 ἐκεῖνος
573 3198 638 3285 εἶχε
660 3205 833 3289 πολιτικῆς
855 3204 1049 3290 φιλοτιμίας
1070 3194 1139 3268 ῦπο
1157 3224 1266 3266 κεκνι-

229 3308 356 3386 σμένος.
394 3306 520 3385 δίκαιος
537 3303 653 3390 μέν
616 3331 683 3432 γαρ
702 3302 748 3427 (ῦς
765 3301 851 3394 πρὸς
872 3301 951 3383 τοὺς
973 3301 1092 3381 ἄλλους
1106 3299 1268 3388 Αριστεί-
1364 3316 1365 3389 η

229 3406 296 3493 δης,
317 3404 500 3534 ἄνθρωπος
518 3410 554 3475 δὲ
571 3411 626 3476 καὶ
645 3403 743 3486 αὐτὸς
755 3397 794 3496 ἦν
806 3410 862 3475 καί
873 3406 971 3495 χολήν
986 3403 1061 3490 εἶχε,
1079 3402 1167 3472 καῖ’
1148 3403 1267 3493 ηγσίπα

228 3505 321 3588 τινὰς
338 3513 394 3576 καὶ
413 3509 531 3594 ἐμίσει.

176 3633 210 3683 28
279 3616 390 3681 Kal’
364 3614 398 3682 εί
410 3640 448 3704 γε
466 3613 628 3704 ἅληθήςέ
630 3637 701 3684 στιν
719 3613 829 3706 δπερλ
842 3640 901 3683 του
887 3617 1013 3684 Παλα
1011 3613 1139 3739 μήδονς
1153 3613 1264 3700 λόγος,

228 3713 246 3784 5
266 3718 491 3799 συνετώτατος
507 3725 573 3786 τῶν
587 3716 722 3802 Αχαιιῦν
739 3715 799 3786 κάν
820 3730 892 3798 τοῖς
915 3713 1074 3799 ῦλλοις”
1051 3739 1198 3805 αριστος
1203 3712 1266 3839 τήν

229 3820 407 3946 ἐπιβουλὴν
424 3849 465 3889 κα
467 3819 656 3912 5555005‘
637 3821 705 3891 υπὸ
720 3822 853 3913 φθόνου
868 3828 1024 3910 φαίνεται
1038 3815 1263 3918 συντεθεικὼς

228 3949 289 3997 κατ
286 3921 472 4015 '5559‘
455 3917 537 4010 ομαί
534 3953 619 4012 χμου
641 3924 696 3995 καὶ
719 3930 820 4017 φίλου
838 3929 894 3994 καὶ
916 3924 1029 3996 έπλ
995 3952 1054 3995 τον
1077 3921 1176 3993 αὐτὸν
1192 3926 1264 3991 κίν-

228 4026 323 4095 δυνον
341 4028 616 4111 ἐκπεπλευκότος·
636 4014 740 4112 οῦτως
760 4030 905 4122 ἔμφυτον
919 4026 1045 4102 ἅπασιν
1060 4027 1262 4120 ῦνθρώποις

791 4136 800 4173 λ
