2792 4580
226 233 349 288 LXXII.
374 233 394 270 ’δ
410 234 511 288 ΠΕΡΙ
527 230 616 288 ΤΗΣ
630 228 789 311 ΣΥΡῙΗΣ
808 235 925 291 ΘΕΟΥ
941 236 1064 292 23-27.
1098 224 1178 291 229
1255 312 1258 318 .

126 336 264 419 ἀπέδεξε
278 330 334 405 ’καί
352 334 475 411 ἑαυτὸν
504 335 598 406 ὁκοῖα
615 337 813 424 ἐπεπόνθεε,
833 338 922 427 ἔλεξέ
932 366 978 422 τε,
992 331 1048 408 “ιύ
1063 348 1167 428 βασιΦ

124 445 196 524 λεδ,
215 440 297 508 τάδε
313 465 367 508 τοι
385 438 449 528 έγδι
467 436 652 531 ἀρρωδέων,
676 433 752 509 εὐτέ
766 467 809 528 με
825 445 946 533 ταύτην
964 440 1042 513 ὁδὸν
1060 444 1166 530 ’έπεμψ

124 569 202 626 πες,
230 540 337 611 ἀέκων
356 540 445 633 ἡιον,
472 547 530 610 καλ
550 543 627 612 έπεί
646 570 688 630 με
711 542 868 635 ἀναγκαίη
894 547 1019 636 μεγάλη
1042 547 1077 615 ἀι
1104 553 1162 616 σία

88 645 94 655 “
124 650 293 733 κατέλαβε,
311 646 428 715 τοιάδε
441 644 629 730 ἐπετέλεσα,
650 646 758 719 έσθλδι
771 651 830 734 μὲν
844 649 878 729 ές
891 651 1066 738 δεσπότην,
1087 650 1162 734 ἐμοὶ

125 753 163 820 δέ
185 747 246 821 οὐκ
267 745 414 833 εὐτυχέα.
451 748 584 817 τοιόσδε
606 755 720 836 μέντοι
746 751 808 820 ἀιύν
831 750 950 844 ἀνδρὸς
978 751 1029 822 ἀπ’
1050 750 1160 843 ἀδικίη

129 850 356 942 ἔγκαλέομαι.”
389 849 407 920 ὁ
428 853 465 920 δὲ
481 850 568 941 πρὸς
584 854 665 921 τάδε
679 851 840 940 ἀμβώσας
857 860 1036 945 περιέβαλέ
1051 860 1089 922 τέ
1104 882 1161 942 μιν

123 960 180 1025 καὶ
199 956 348 1046 δακρύων
378 950 448 1040 άμα
465 955 562 1042 έλεγε,
579 947 632 1022 “‹23
649 958 816 1043 Κομβάβε,
835 965 870 1027 τί
886 965 970 1047 μέγα
982 958 1081 1027 κακὸν
1094 954 1161 1050 εἰρ-

123 1059 251 1147 γάσαο,·
272 1063 308 1127 τί
326 1059 363 1126 δέ
387 1055 531 1127 σεωυτὸν
554 1055 639 1144 ούτω
664 1057 824 1130 ἀεικέλιον
847 1062 939 1151 έργον
960 1070 1082 1149 μοῦνος
1104 1058 1162 1130 ἀν-

126 1163 214 1249 δρῶν
236 1161 397 1250 δπρηξαςς
423 1159 466 1228 τδι
490 1159 527 1229 ού
550 1163 694 1247 πάμπαν
718 1162 874 1246 ἐπαινέω,
904 1157 932 1231 οὐ
955 1168 1094 1249 σχέτλιε,
1123 1163 1162 1243 ὃς
1176 1205 1202 1217 ἰ

123 1264 239 1332 τοιάδε
266 1263 372 1353 έτλης,
406 1262 462 1331 οία
487 1264 570 1351 μήτε
597 1268 634 1332 οδ
660 1271 804 1335 παθέειν
830 1269 911 1355 μήτε
938 1267 995 1351 έμὲ
1024 1268 1162 1335 ἰδέσθαι

125 1363 250 1457 α’ίφελε·
271 1364 309 1434 οὐ
327 1367 390 1456 γάρ
408 1392 468 1451 μοι
480 1368 601 1455 ταύτης
616 1365 797 1457 ἀπολογίης
811 1371 890 1438 έδεε.
919 1367 988 1437 ἀλλ’
1000 1369 1075 1436 ἐπεὶ
1088 1368 1161 1436 δαί-

123 1495 198 1556 μων
213 1471 328 1537 τοιάδε
345 1466 460 1558 ἤθελε,
484 1476 604 1556 πρῶτα
625 1477 684 1556 μέν
703 1495 758 1539 σοι
779 1477 866 1551 τίσις
884 1470 920 1552 ἐξ
940 1469 1049 1559 ἡμέων
1068 1471 1162 1539 έσσε-

11 1624 12 1669 5
122 1596 189 1654 ται,
210 1570 319 1640 αὐταῖν
337 1577 568 1662 συκοφαντέων
586 1570 605 1640 ό
623 1574 781 1655 θάνατος,
800 1572 884 1659 μετὰ
901 1575 938 1641 δὲ
951 1574 1075 1661 μεγάλη
1095 1575 1160 1641 δω-

11 1736 12 1739 ,
124 1670 182 1764 ρεὴ
201 1672 366 1757 ἀπίξεται,
384 1676 506 1763 χρυσός
522 1702 559 1743 τε
577 1674 702 1757 πολλὸς
718 1679 775 1744 καί
792 1672 933 1765 ἀργυρος
947 1674 1091 1755 άπλετος
1104 1679 1179 1743 καλ·

124 1777 267 1866 ἐσθῆτες
281 1776 450 1867 Ἀσσύριαι
467 1782 523 1847 καὶ
540 1779 644 1848 ἵπποι
660 1780 841 1867 βασιλήιοι.
870 1778 1015 1863 ἀπίξεαι·
1026 1781 1061 1847 δὲ
1079 1775 1159 1866 παρ’

122 1878 228 1968 ἡμέας
255 1876 332 1948 ἀνευ
359 1881 550 1969 ἐσαγγελέος
577 1880 654 1950 οὐδέ
685 1908 736 1962 τις
767 1880 904 1973 ἀπέρξει
936 1909 973 1950 σε
1003 1880 1161 1970 ἡμετέρης

12 2012 13 2015 ’
123 1980 236 2071 ἀψισς,
252 1980 325 2051 οὐδ’
336 1979 374 2073 ἡν
387 1988 514 2071 γυναικὶ
529 1980 599 2068 άμα
613 1981 829 2070 εὐνόζωμαι.”
857 1986 938 2052 τάδε
953 1983 1028 2053 εἶπέ
1040 2010 1077 2052 τε
1090 1981 1161 2069 άμα

121 2089 182 2153 καὶ
197 2084 325 2154 έπσίεε·
343 2089 399 2153 καλ
418 2087 451 2154 σί
467 2088 527 2173 μὲν
545 2084 662 2154 αὐτίκα
680 2087 714 2167 ἀς
732 2088 834 2176 φόνον
852 2085 978 2175 ἤγοντο,
998 2093 1045 2173 τῷ
1065 2087 1101 2152 δέ
1117 2082 1161 2152 τδι

123 2190 218 2276 δῶρα
244 2189 374 2257 ἐδίδοτο
399 2192 456 2256 καί
480 2186 501 2279 ἡ
529 2193 623 2278 φιλίη
650 2191 756 2274 μέζων
787 2189 940 2276 ἐγεγόνεε.
986 2187 1095 2256 ἐδόκεε
1123 2176 1193 2254 δί’

123 2289 236 2372 οὐδεὶς
257 2284 307 2361 ’ότι
324 2289 501 2383 Ἀσσυρίων
523 2292 692 2380 Κομβάβῳ
720 2297 841 2380 σοφίην
869 2294 923 2358 καλ
950 2288 1159 2377 εὐδαιμονίην

122 2395 241 2476 ἰ’κελος.

175 2496 269 2567 Μετδι
292 2499 330 2566 δὲ
352 2498 570 2586 αἰτησάμενος
593 2496 758 2565 ἐκτελέσαι
779 2495 821 2565 τδι
844 2500 1001 2565 λείποντα
1022 2502 1070 2584 τῷ
1092 2500 1158 2583 νηηλ
1177 2516 1210 2565 26

121 2636 167 2653 -ι-
186 2598 303 2669 ἀτελέα
320 2602 383 2692 γάρ
401 2630 458 2688 μιν
476 2599 695 2669 ἀπολελοίπει
715 2641 758 2653 --
782 2591 876 2681 αὐτις
898 2599 1080 2685 ἐπέμπετο,
1103 2601 1160 2665 καὶ

120 2692 182 2772 τόν
197 2730 235 2772 τε
248 2703 324 2793 νηὸν
338 2704 500 2786 ἐξετέλεσε
513 2708 569 2772 καὶ
582 2703 619 2773 τὸ
635 2703 754 2772 λοιπὸν
767 2701 868 2779 αὐτοῦ
883 2703 983 2789 έμενε.
1007 2702 1107 2769 έδωκε
1123 2703 1160 2767 δέ

122 2804 159 2874 σί
177 2800 196 2873 ό
213 2806 369 2891 βασιλεὺς
387 2804 504 2897 ἀρετὴς
521 2833 558 2876 τε
575 2811 631 2875 καλ
649 2804 834 2896 εὐεργεσίης
848 2807 965 2874 εἵνεκεν
984 2804 1017 2872 έν
1033 2811 1082 2891 τῷ
1098 2804 1159 2893 ίρηῑ

123 2906 262 2977 ἑστάναι
276 2905 431 2992 χάλκεον·
454 2912 511 2980 καί
535 2911 584 2978 έτι
602 2910 635 2990 ές
656 2910 752 2998 τιμὴν
775 2909 809 2978 έν
830 2917 877 2997 τῷ
902 2911 962 2996 ίρηλ
980 2906 1159 2992 Κομβάβος

119 3012 269 3096 χάλκεος,
281 3009 472 3101 Ἑρμοκλέος
484 3020 543 3080 τοῦ
553 3008 676 3080 Ῥοδίου
691 3016 831 3100 ποίημα,
846 3010 979 3101 μορφὴν
993 3012 1051 3096 μὲν
1066 3007 1158 3099 όκοίη

122 3110 217 3204 γυνὴ,
247 3115 382 3204 έσθὴτα
399 3116 436 3183 δὲ
458 3112 612 3203 ἀνδρηίην
633 3114 709 3199 ἔχει.
750 3118 878 3202 λέγεται
901 3115 937 3180 δέ
959 3120 1026 3180 τῶν
1053 3117 1158 3199 φίλων

122 3215 203 3297 τοὺς
224 3218 371 3303 μάλιστά
394 3218 427 3286 οί
445 3215 634 3297 εὐνοέοντας
651 3219 685 3298 ές
706 3222 925 3306 παραμυθίην
946 3219 1007 3281 τού
1025 3215 1159 3292 πάθεος

122 3327 295 3410 κοινωνίην
322 3320 461 3390 ἑλέσθαι
486 3327 545 3411 τῆς
571 3327 756 3411 συμφορῆς·
784 3319 903 3404 ’έταμον
929 3315 991 3406 γὰρ
1019 3314 1161 3394 ἑωυτούς

123 3422 182 3493 καὶ
204 3426 334 3493 δίαιταν
355 3423 413 3515 τὴν
436 3423 535 3516 αὐτὴν
559 3425 668 3514 έκείνηι
693 3425 870 3514 διητέσντο.
912 3416 1008 3487 ἀλλον
1031 3419 1067 3485 δέ
1091 3418 1160 3508 ἱρο-

23 3550 27 3554 ·
123 3521 279 3616 λυγέοσσι
297 3526 355 3597 έπί
372 3536 420 3618 τῷ
438 3530 617 3621 πρήγματι,
637 3532 784 3617 λέγοντες
804 3523 850 3606 ὥς
866 3520 978 3614 ἡἮρη
997 3525 1161 3615 φιλέουσα

123 3633 306 3719 Κομβάβον
323 3635 481 3700 πολλοῖσι
501 3635 559 3723 τὴν
580 3632 681 3722 τομὴν
701 3631 757 3700 ἐπὶ
779 3631 855 3701 νόον
877 3628 986 3713 δβαλε,
1012 3621 1098 3702 όκως
1115 3620 1160 3709 μὴ

123 3742 249 3824 μοῦνος
271 3734 329 3804 έπλ
350 3741 390 3825 τῇ
414 3732 589 3829 ἀνανδρηίη
613 3741 781 3804 λυπέοιτο.
825 3731 864 3800 τὸ
889 3733 924 3798 δὲ
951 3730 1033 3807 ἔθος
1060 3732 1159 3793 τοῦτο
1175 3748 1210 3794 τι

125 3838 244 3929 ἐπειδὴ
268 3835 362 3922 άπαξ
383 3839 522 3926 ἐγένετο,
547 3837 596 3905 έτι
617 3845 673 3906 νῦν
695 3842 785 3925 μένει
805 3837 861 3901 καὶ
878 3830 1001 3900 πολλοί
1021 3829 1164 3897 ἑκάστου

125 3943 218 4024 ἐ’τεος
237 3942 272 4012 έν
286 3949 335 4031 τῷ
351 3943 411 4032 ἱρῷ
424 3941 603 4025 τάμνονται
615 3945 669 4008 καὶ
684 3939 885 4029 θηλύνονται
903 3935 969 4002 ε’ίτο
982 3932 1162 4019 Κομβάβον

124 4046 428 4138 παραμυθεόμενοι
453 4042 520 4114 ε’ίτε
545 4047 601 4115 καὶ
619 4039 699 4134 Ἥρη
729 4041 952 4145 χαριζόμενοι·
982 4036 1162 4124 τάμνονται
