2748 4572
233 188 284 287 ⁸4
651 232 905 288 Λουκιεωον
1099 298 1102 303 ,

261 335 283 426 ή
300 338 360 424 μέν
376 309 511 426 τραχεῖα
529 335 631 425 ἐκείνη
644 339 700 403 καλ
713 334 851 424 ἀνάντης
865 332 903 403 ού
917 334 1026 404 πολλὰ
1039 336 1110 424 ίχνη
1123 343 1189 415 τῶν
1202 335 1298 408 όόοι-

261 439 378 529 πόρων
400 434 493 522 εἶχεν,
516 436 548 505 εἰ
570 439 608 505 δέ
627 464 716 521 τινα,
740 437 828 506 πάνυ
851 436 996 506 παλαιά·
1022 441 1079 505 καὶ
1100 435 1202 528 έγωγτ
1223 438 1294 510 κατ’

233 576 236 589 ·
262 541 385 631 ἐκείνην
410 537 531 621 ἀθλιος
557 535 702 628 ἀνῆλθον
726 542 875 608 τοσαύτα
898 538 1012 626 καμύν
1035 536 1131 609 οάόλν
1157 541 1294 612 όίονοε
1272 572 1295 634 η

260 643 357 735 ἑτέρα
375 637 465 726 62⁰
441 667 500 711 ατε
513 631 674 730 ὁμαλὴ
634 665 719 710 ουσα
730 644 790 708 καὶ
798 637 937 728 ἀγκύλον
951 639 1047 710 ούόλν
1061 640 1192 727 ἔχουσα,
1206 645 1296 736 πόρ·

167 792 172 795 „
263 749 375 836 ρωθέν
385 769 446 831 μοι
459 743 564 834 έφάνη
578 744 635 812 οἵα
653 742 750 825 έστίν,
771 739 830 827 ούχ
848 738 1080 813 όόεύσαντι’
1039 745 1170 836 αυτήν·
1171 753 1213 816 ὀυ
1200 730 1309 839 ’γάρ’

260 846 374 938 έιόρων
391 843 510 927 mg*
481 873 528 915 ων
546 844 646 914 έτι“
612 872 651 914 το
668 847 808 932 βέλτιον,
833 842 967 931 ἀλλά“
934 872 992 915 τον
1013 845 1155 937 ποιητὴν
1173 847 1295 919 ἐκεῖνον

261 946 440 1039 ἀληθεύειν
458 944 701 1038 ᾤμηνλέγοντα
719 946 754 1015 έκ
769 953 836 1015 τῶν
853 948 967 1018 πόνων
980 949 1133 1038 φύεσθαι
1144 940 1292 1039 τάγαθά.

260 1050 299 1119 τὸ
319 1047 350 1120 δ’
362 1047 421 1119 ούκ
438 1047 522 1141 εἶχεν
540 1046 660 1132 ούτως·
684 1046 827 1138 ἀπονητὶ
842 1056 921 1137 γοῦν
944 1047 1013 1138 ὁρῶ
1034 1051 1192 1136 μειζόνων
1214 1053 1294 1136 τοὺς

261 1151 408 1234 πολλούς
429 1150 642 1238 ἀξιουμένους
664 1149 816 1277 εάριοιρίφ
837 1158 895 1240 τῆς
921 1151 1079 1279 αἱρέσεως
1100 1161 1166 1223 τῶν
1187 1152 1294 1243 λόγων

260 1257 316 1324 καὶ
333 1250 431 1324 όόιόν.
477 1254 534 1323 όπὶ
557 1251 588 1322 δ’
605 1245 662 1323 σύν
679 1252 737 1342 τὴν
755 1251 897 1342 ἀρχην’
877 1254 1077 1343 αφικόμενος
1099 1281 1135 1323 τυ
1120 1246 1260 1325 own,
1239 1282 1293 1326 οτι

259 1354 452 1482 ἀπορήσεις,
470 1359 527 1427 καί
543 1353 605 1446 ήδη
623 1353 771 1446 ἀπορεῖς,
791 1354 954 1446 ὁποτέραν
971 1357 1212 1445 τραπητέον.α
1194 1383 1213 1426 ο
1233 1350 1291 1427 ούν

263 1459 409 1547 ποιήσας
430 1454 493 1547 ήόη
515 1460 622 1549 ῥᾷστα
645 1457 758 1526 έπί“
724 1484 763 1526 το
787 1456 967 1549 ἀκρότατον
989 1457 1135 1549 ἀναβήση
1157 1446 1273 1527 μαλ’
1237 1452 1292 1529 εο-

165 1579 171 1586 ’
259 1560 471 1684 όαιμονήσεις
483 1563 538 1627 καλ
551 1559 710 1683 γαμήσεις
721 1565 776 1629 καί
789 1558 986 1686 θρυμαοτὸς
998 1566 1085 1628 πάσι
1095 1549 1242 1643 όόξεις,έ
1241 1561 1291 1650 γιό

261 1687 316 1731 σοι
333 1662 469 1752 φράσω·
494 1659 655 1730 lxarbv⁸
618 1686 680 1751 γαρ
702 1662 741 1731 τὸ
751 1660 859 1732 αὐτόν
881 1662 1132 1749 ἐξαπατηθῆναι
1152 1666 1209 1729 καί
1226 1688 1293 1731 πο-

191 1760 193 1763 ’
249 1770 367 1853 ,νήσαι
395 1767 450 1833 σοὶ
468 1758 545 1831 (W
522 1788 656 1853 ασπορα
673 1767 729 1831 καλ
742 1761 884 1853 ἀνήροτα
897 1764 1008 1831 πάντα
1021 1768 1163 1853 φυέσθω
1181 1766 1292 1833 καθά·

208 1870 212 1877 ⁴
259 1893 325 1956 περ
344 1867 401 1935 ἐπὶ
417 1873 478 1934 τοῦ
495 1865 633 1952 Κρόνου.
678 1925 684 1938 ,

225 1959 475 2048 εΕύθύς
436 1994 493 2036 ουν
502 1992 557 2036 σοι
566 1968 723 2071 πρόσεισι
736 1967 890 2091 καρτερός
902 1993 953 2048 τις
967 1965 1056 2057 ἀνὴρ,
1071 1918 1288 2058 ύπόσκληρος,

225 1993 483 2161 θάνόριύόης
448 2097 487 2138 το
510 2072 673 2155 βάδισμα,
697 2062 852 2138 πολὺν“
818 2094 876 2137 τον
893 2065 986 2159 ήλιον
1009 2071 1137 2160 έπλ-τῴ
1157 2071 1289 2155 σιύματι

260 2169 462 2255 ἀεικνύων,’
443 2170 633 2262 αρρενωπὸς
645 2196 684 2239 το
670 2168 838 2257 ’βλέμμα
858 2170 1050 2263 έγρηγορώς,
1069 2181 1127 2262 τῆς
1139 2178 1291 2262 τραχείας

258 2271 340 2345 όόοῦ
363 2274 484 2365 ἐκείνης
505 2271 648 2364 ήγεμών,
676 2274 796 2363 λήρους
815 2272 910 2354 τινὰς
935 2274 1022 2366 πρὸς
1043 2277 1081 2344 σὲ
1107 2272 1126 2344 ό
1148 2275 1291 2361 μάταιος
1360 2354 1361 2357 ¹

215 2374 219 2379 ¹
234 2423 238 2427 -
258 2374 397 2460 όιεξιὼν,
418 2376 565 2446 ἕπεσθαί
578 2375 611 2443 ολ
623 2377 936 2464 παρακελευόμενος,
955 2374 1149 2453 ἀποδεικνὺς
1164 2373 1207 2442 τὰ
1222 2386 1292 2464 Δη-

257 2484 445 2563 μοσθένους
465 2480 536 2567 ’ίχνη
558 2481 613 2545 καί
630 2477 808 2556 Πλάτωνος
827 2478 884 2543 καί
905 2472 1012 2544 ἀλλων
1033 2481 1139 2557 τινῶν,
1162 2475 1291 2563 μεγάλα

257 2582 317 2667 μὲν
342 2585 399 2649 καὶ
424 2579 510 2670 ὑπὲρ
531 2577 610 2660 τοὺς
631 2584 697 2660 νῦν,
725 2575 860 2663 ἀμαυρὰ
882 2577 919 2644 όλ
944 2573 1006 2665 ήόη
1032 2580 1089 2645 καί
1110 2574 1225 2668 ἀσαφῆ
1246 2577 1290 2646 τά

257 2680 368 2751 πολλὰ
386 2678 454 2751 ἀπὸ
472 2687 532 2750 τοῦ
547 2681 679 2769 χρόνον,
702 2682 758 2746 καλ
775 2675 1073 2767 φήσειεύόαίμονά
1092 2704 1130 2748 σε
1148 2680 1290 2749 ἔσεσθαι

202 2858 206 2871 ρ
257 2788 313 2853 καὶ
329 2786 421 2874 νόμῳ
438 2783 596 2872 γαμήσειν
612 2779 671 2870 τήν
687 2778 868 2872 ῥητορικὴν,
893 2781 925 2849 εί
946 2779 1030 2850 κατὰ
1050 2781 1177 2851 τούτων
1195 2779 1290 2851 όόεύ·

258 2913 350 2967 σειας
367 2881 481 2975 ὥσπερ
500 2884 533 2952 ολ
550 2882 608 2952 έπὶ
624 2889 691 2953 τῶν
708 2883 816 2951 κάλων
835 2889 1019 2970 βαίνοντες·
1046 2884 1077 2952 ελ
1100 2886 1136 2953 δὲ
1157 2881 1216 2952 κάν
1232 2909 1291 2968 μω

256 2988 333 3079 νρόν
350 3014 384 3061 τι
401 2992 591 3076 παραβαίης
607 2983 629 3075 ἢ
642 2984 704 3069 ἔξω
718 2985 901 3073 πατήσειας
914 2982 936 3074 ἢ
950 2984 1007 3054 ἐπὶ
1020 2987 1150 3075 θάτερα
1162 2988 1288 3070 μᾶλλον

258 3188 400 3278 ἀγούσης
418 3189 476 3259 έπί
492 3188 549 3259 τὸν
566 3191 680 3279 γάμον.
709 3186 780 3259 εἶτά
799 3215 837 3259 σε
850 3193 996 3260 κελεύσει
1015 3192 1128 3279 ζηλοῦν
1147 3189 1293 3272 ἐκείνους

255 3290 334 3372 τούς
355 3289 512 3382 ἀρχαίους
534 3289 669 3382 άνόρας,
697 3292 785 3360 ἕωλα
809 3294 1064 3381 παραδείγματα
1085 3294 1290 3378 παρατιθείς

218 3464 220 3477 ,
257 3399 322 3462 τῶν
340 3395 445 3482 λόγων
463 3393 501 3463 ού
520 3395 621 3487 ρᾴόια
637 3402 831 3481 μιμεῖσθαι,
854 3394 915 3463 οἶα
931 3394 974 3463 τὰ
989 3401 1047 3484 τῆς
1070 3397 1218 3474 παλαιάς
1235 3393 1289 3480 έρ-

256 3501 375 3584 γασίας
396 3494 492 3579 έστὶν,
512 3492 620 3586 Ἡγίου
642 3500 698 3565 καὶ
719 3503 785 3565 τῶν
807 3494 897 3587 ἀμφὶ
918 3502 1053 3586 Κριτίον
1074 3499 1130 3563 καλ
1151 3495 1289 3586 Νησιοί·

256 3625 323 3687 την,
347 3595 578 3690 ἀπεσφιγμένα
598 3603 654 3667 καί
675 3600 821 3690 νευρώδη
842 3602 899 3669 καί
920 3596 1044 3688 σκληρά
1065 3600 1121 3666 καλ
1143 3594 1289 3684 ἀκριβῶς

257 3697 490 3788 ἀποτεταμένα
504 3715 579 3783 ταῖς
594 3715 771 3791 γραμμαῖς,
790 3700 894 3770 πόνον
911 3702 948 3768 db
964 3703 1019 3768 καὶ
1037 3696 1220 3790 ἀγρυπνίαν
1232 3701 1289 3768 καὶ

257 3797 484 3873 όόατοποσίαν
496 3807 551 3872 καὶ
564 3802 603 3873 τὸ
617 3806 764 3897 λιπαρὲς,
781 3796 942 3892 ἀναγιαῖα
954 3809 1059 3872 ταῦτα
1071 3805 1127 3870 καί
1141 3799 1290 3892 ἀπαραί-
1339 3826 1346 3855 ¹

255 3930 339 3991 τητα
360 3905 476 3994 φήσει·
503 3904 664 3977 ἀδύνατον
685 3906 747 3996 γὰρ
770 3902 856 3974 εἶναι
877 3902 954 3974 ἀνευ
980 3904 1105 3973 τούτων
1132 3904 1289 3972 διανύσαι

258 4003 316 4094 τὴν
343 4004 430 4077 όόόν.
475 4008 494 4077 ὃ
521 4009 558 4076 όλ
583 4009 716 4077 πάντων
743 4005 967 4099 ἀνιαρότατον,
995 4001 1050 4074 ότι
1075 4029 1131 4075 σοι
1151 4008 1207 4074 καί
1228 4003 1289 4075 τόν
