2792 4580
121 144 127 157 '
225 119 292 198 232
418 168 420 173 ’
613 141 871 213 ΔΟΥΚΙΑῌΟΥ

189 249 382 343 ’,θάλαμος
400 216 499 328 ἀλλος
520 252 715 334 πεποίηται.
750 231 870 326 άνοδος
888 272 943 315 και
930 245 996 328 ἐς
1015 205 1132 317 τοῦτον
1154 244 1260 337 ὀλίγη,

192 338 198 345 ”
225 352 353 441 θύρῃσι
362 347 449 421 δέ’
412 377 471 418 ουκ
484 347 633 440 ἤσκηται,
648 346 758 417 ἀλλά’
743 376 776 429 ες
790 344 934 416 ἀντίον“
911 375 1001 431 απας
1015 345 1262 429 ἀναπέπταται.
1370 374 1371 433 η

226 454 260 535 ἐς
277 457 382 540 μέν’
358 446 403 521 ὧν
425 452 482 522 τὸν
503 459 604 541 μέγαν
624 450 700 541 νηὸν
722 452 845 532 πάντες
868 449 1107 540 ἐ’σέρχονται,
1091 479 1125 533 ες
1149 452 1238 521 δέ
1202 480 1267 533 τοι

226 557 381 641 θάλαμον
400 556 433 623 οἱ
452 556 536 645 ίρέες
552 561 689 642 μοῦνον,
703 552 740 623 οὐ
754 559 867 640 μέντοι
880 555 1001 634 πάντες
1015 555 1049 623 οἱ
1063 554 1155 643 ίρέες,
1176 552 1262 631 ἀλλὰ
1370 586 1371 633 1

227 663 261 727 οἳ
285 660 430 744 μάλιστα
458 656 612 746 ἀγχίθεοί
631 664 669 726 τέ
691 658 756 726 είσι
781 659 837 727 καλ
864 655 933 726 οῖσι
954 663 1049 747 πᾶσα
1072 657 1105 741 ἐς
1126 657 1165 727 τδ
1190 657 1263 746 ίρὸιι
1370 680 1371 709 ³

225 764 360 847 μέλεται
377 768 559 851 θεραπηίη.
597 761 630 830 ἐν
649 762 685 828 δέ
702 763 789 850 τῷδε
807 760 915 829 εἵαται
933 758 1078 840 τάἐδεα,
1098 756 1262 851 ἥτεἯρη
1370 786 1371 851 ἦ

225 864 351 932 καὶτὸν
366 862 461 932 αάτολ
473 870 540 942 Δία
555 863 652 933 ἐόντα
666 863 765 953 ἑτέρῳ
782 860 1131 951 σάνόματικληίζουοι.
1155 859 1263 953 άμφω

228 969 264 1037 δὲ
279 967 414 1053 χρύσεοί
430 973 467 1035 τέ
484 968 549 1035 είσι
566 970 622 1034 καὶ
640 965 741 1056 ἀμφιο
762 966 903 1048 ἕζονται·
923 962 1007 1032 ἀλλὰ
1024 963 1082 1057 τὴν
1095 961 1265 1059 μένἮρηιι

226 1071 353 1153 λέοντες
376 1075 550 1159 φορέουσι,
576 1066 650 1138 ὅδὲ
667 1070 820 1158 ταύροισι
842 1067 1002 1151 ἐπέζεται.
1038 1071 1092 1137 καὶ
1115 1070 1197 1157 δῆτα
1219 1067 1263 1141 τὸ

225 1175 285 1259 μέν
302 1179 361 1240 τοῦ
379 1172 461 1253 Διὸς
480 1169 611 1260 άγαλμα
629 1172 662 1253 ἐς
677 1179 741 1241 Δία
759 1171 870 1238 πάντα
885 1168 949 1259 ’ἀρῇ
967 1174 1023 1238 καὶ
1040 1170 1185 1261 κεφαλὴν
1203 1176 1264 1241 καλ

129 1288 136 1292 ’
227 1277 347 1360 εἵματα
368 1278 424 1343 καλ
448 1275 551 1365 ἕδρην,
575 1279 632 1341 καί
651 1301 709 1359 μιν
732 1270 810 1341 οὗδέ
832 1272 958 1341 ἐθέλων
978 1269 1134 1352 ἀλλοις
1105 1275 1262 1355 εικάσεις.

174 1399 208 1450 82
226 1406 246 1466 η
234 1375 303 1446 ’δὲ
313 1374 392 1467 Ἥρη
411 1383 588 1447 σκοπέοντί
606 1401 661 1445 σοι
678 1378 858 1444 πολυειδέα
871 1400 1003 1503 μορφην
1017 1374 1177 1464 ἐκφανέει
1203 1380 1267 1445 κοιλ

224 1480 268 1548 τά
285 1483 345 1565 μὲν
365 1481 541 1566 σύμπαντα
559 1477 688 1567 ἀτρεκέϊ
705 1474 814 1607 λάγφ
811 1475 916 1567 Ἠρη
903 1479 988 1559 εστὶ,
1011 1478 1077 1648 ἐχεὶι
1099 1480 1137 1546 δέ
1152 1505 1186 1548 τι
1204 1482 1265 1548 καλ

224 1581 361 1671 Αθηνα
360 1609 421 1681 ης
423 1589 480 1649 καί
502 1581 638 1671 Αφροδ
638 1608 695 1670 της
720 1585 777 1647 καὶ
802 1583 980 1669 Σεληναίης
1011 1582 1067 1648 καὶ
1089 1578 1174 1670 Ῥέης
1203 1586 1264 1650 καὶ

223 1683 410 1774 Λρτέμιδος
430 1688 486 1752 καί
508 1689 673 1769 Νεμέσιος
695 1685 750 1749 καλ
772 1687 933 1770 Μοιρέων.
952 1702 955 1706 ’
971 1686 1058 1773 χειρλ
1080 1685 1117 1750 δέ
1137 1691 1176 1773 τῇ
1199 1687 1264 1770 μέν

228 1787 320 1877 ἑτέρη
345 1795 508 1875 σκῆπτρον
532 1787 607 1871 ἔχει,
629 1792 669 1875 τῇ
693 1785 785 1874 ἑτέρη
810 1785 846 1852 δέ
869 1780 1038 1874 ἄτρακτον,
1061 1789 1117 1852 καὶ
1139 1785 1197 1857 ἐπὶ
1217 1794 1264 1877 τῇ

226 1893 352 1978 κεφαλῇ
380 1887 513 1971 ἀκτῖνάς
538 1916 575 1957 τε
603 1894 718 1980 φορέει
744 1890 799 1955 καὶ
825 1888 951 1975 πάργον
972 1886 1028 1954 καλ
1053 1887 1181 1972 κεστὸν,
1209 1897 1262 1979 τῷ

225 1992 347 2079 μούνην
369 1991 426 2080 τὴν
450 1991 606 2081 Οὐρανίην
628 1997 817 2077 κοσμέουσι.
858 1989 997 2058 ἐκτοσθε
1021 1991 1058 2057 δέ
1084 1992 1118 2058 οί
1135 1994 1265 2079 χρυσός

225 2120 261 2161 τε
280 2090 378 2177 ἀλλος
395 2101 581 2183 περικέαται
598 2099 654 2163 καλ
672 2099 767 2162 λίθοι
784 2094 888 2184 κάρτα
910 2096 1118 2176 πολυτελέες,
1141 2102 1207 2164 τών
1224 2095 1265 2163 οἱ

225 2196 285 2280 μὲν
303 2199 420 2279 λευκοὶ,
442 2200 474 2266 οἱ
493 2201 528 2266 δέ
545 2197 739 2279 ὑδατώδεες,
759 2199 878 2264 πολλοὶ
898 2197 934 2263 δέ
952 2196 1117 2278 οἰνώδεες,
1130 2201 1263 2267 ’πολλοὶ
1370 2240 1371 2243 ¹

227 2299 263 2375 δέ
281 2300 460 2388 πυρώδεες.
498 2300 547 2370 ἐτι
566 2302 601 2369 δέ
625 2297 735 2384 άνυχες
758 2301 791 2396 οἱ
807 2300 1103 2388 Σαρδῷοιπολλολ
1125 2304 1180 2368 καλ
1197 2298 1263 2368 ὗά-
1305 2377 1308 2385 ,

225 2409 338 2469 κινθοι
360 2407 416 2470 καὶ
439 2405 638 2492 σμάραγδοι,
662 2402 705 2471 τὰ
727 2409 869 2491 φέρουσι
889 2402 1072 2489 Αἰγύπτιοι
1093 2406 1149 2471 καί
1162 2401 1262 2473 Ἰνδοὶ

225 2506 282 2571 καλ
302 2505 472 2599 Αἰθίοπες
494 2509 549 2572 καλ
570 2508 679 2594 Μῆδοι
701 2509 757 2587 καὶ
774 2503 935 2593 Ἀρμένιοι
961 2508 1016 2571 κοιλ
1036 2508 1260 2592 Βαβυλώνιοι.

225 2603 264 2672 τὸ
285 2607 320 2673 δὲ
339 2606 377 2695 δὴ
396 2610 531 2692 μέζονος
549 2609 646 2695 λόγου
667 2605 768 2691 ἀξιον,
788 2614 884 2675 τοῦτο
904 2603 1134 2696 ἀπηγήσομαι·
1158 2611 1260 2677 λίθον

226 2707 283 2776 ἐπὶ
292 2736 339 2798 τη
358 2713 485 2800 κεφαλῇ
504 2716 630 2800 φορέει,
648 2714 755 2794 λυχνὶς
772 2707 932 2791 κδλέεται,
953 2706 1077 2795 οὕνομα
1096 2711 1133 2778 δέ
1149 2712 1184 2777 οἱ
1196 2718 1259 2781 τοῦ

226 2809 320 2899 ἐργου
347 2808 367 2896 ἡ
395 2818 556 2900 συντυχίη.
602 2808 670 2881 ἀπὸ
693 2814 811 2881 τούτου
837 2810 869 2880 ἐν
895 2816 985 2880 νυκτλ
1011 2817 1109 2893 σέλας
1130 2812 1272 2883 πολλὸν.

227 2909 478 2999 ἀπολάμπεται,
497 2912 564 2982 ὑπὸ
585 2918 622 2983 δέ
640 2916 673 2983 οἱ
690 2918 745 2982 καὶ
764 2912 781 2982 δ
799 2912 876 3002 νηὸς
894 2911 986 2996 άπας
1005 2914 1075 2984 οἷον
1093 2913 1160 2984 ἀπὸ
1180 2917 1259 3001 λάχ-
1316 2956 1320 2965 ›

224 3040 312 3083 νοιοι
335 3022 513 3105 φαείνεται.
551 3017 583 3086 ἐν
609 3015 712 3107 ἡμέρη
740 3018 776 3084 δέ
801 3017 920 3103 τὸμὲν
947 3024 1067 3108 φέγγος
1089 3015 1258 3103 ἀσθενέει,

227 3117 315 3207 ἰδέην
333 3120 369 3186 δέ
388 3119 453 3205 ἐ’χει
470 3122 574 3209 κάρτα
592 3121 759 3209 πυρώδεα.
800 3124 855 3188 καὶ
878 3117 957 3188 ἀλλο
975 3122 1159 3207 θωμαστόν
1184 3121 1258 3195 ἐστι

226 3219 323 3310 ἐντῷ
348 3224 470 3313 ξοάνῳ·
496 3222 535 3311 ἢν
558 3222 678 3305 ἑστεώς
700 3221 811 3315 ἀντίος
834 3223 980 3312 ἐσορέῃς,
1005 3223 1039 3305 ἐς
1061 3227 1099 3292 σέ
1121 3223 1181 3319 δρῇ
1199 3228 1256 3295 καλ

127 3372 135 3379 -
223 3331 453 3412 μεταβαίνοντι
474 3325 512 3395 τὸ
534 3330 665 3413 βλέμμα
688 3323 897 3407 ἀκολουθέει,
925 3330 981 3395 καλ
1003 3325 1042 3416 ἢν
1064 3326 1163 3409 ἀλλος
1187 3328 1255 3400 555-
1324 3388 1329 3397 .

173 3447 207 3497 83
224 3435 335 3517 ριοθεν
358 3428 486 3518 ἐσορέῃ,
511 3429 570 3497 ἰ’σα
591 3432 645 3497 καὶ
669 3428 702 3509 ἐς
725 3427 845 3496 ἐκεῖνον
868 3428 1015 3498 ἐκτελέει.
1052 3430 1085 3499 ἐν
1106 3437 1199 3519 μέσῳ
1218 3432 1253 3501 δέ

225 3528 422 3621 ἀμφοτέρων
449 3530 565 3620 ἕστηκε
592 3531 707 3615 ξόανον
734 3528 813 3599 ἀλλο
838 3532 976 3622 χρύσεον
1007 3530 1138 3620 οάδαμδι
1163 3548 1254 3609 τοῖσι

224 3628 355 3703 ἀλλοισι
382 3633 532 3716 ξοάνοισι
556 3635 673 3702 ικελον.
716 3632 755 3703 τὸ
784 3635 820 3701 δὲ
845 3636 978 3727 μορφὴν
1003 3639 1063 3722 μέν
1087 3637 1135 3707 ίδί
1122 3643 1172 3725 ίην
1196 3633 1254 3705 οάκ

133 3749 141 3760 ’
224 3736 302 3821 ἐχει,
313 3742 445 3868 φορέει
461 3739 497 3806 δέ
513 3745 578 3806 τών
597 3736 704 3807 ἀλλων
721 3734 813 3809 θεῶν
835 3740 936 3808 ε’ίδεα.
970 3743 1124 3817 καλέεεαι
1141 3742 1177 3811 δέ
1195 3760 1253 3827 σιμ

222 3866 321 3965 μηιον
346 3844 402 3908 καὶ
426 3838 483 3908 δπ
505 3838 611 3909 αὐτῶν
634 3838 766 3932 Ασσυρί
766 3868 823 3924 ων,
853 3839 932 3910 οάδέ
954 3871 988 3912 τι
1016 3841 1141 3929 οὕνομα
1167 3844 1267 3919 ἴδιον.

194 3939 312 4030 αάτιρ
332 3943 456 4026 ἐθεντο,
477 3941 545 4013 ἀλλ’
558 3942 634 4013 οὐδὲ
646 3950 790 4034 γενέσιος
804 3941 905 4017 αάτοῦ
918 3949 975 4015 καί
991 3947 1097 4028 εἴδεος
1109 3949 1247 4034 λέγουσι
