2782 4574
223 199 287 266 164
603 209 858 265 οουιωουου
953 252 956 259 ,
1116 281 1119 285 ρ

171 341 204 388 14
222 288 598 405 ἀνθρώποιςέἐγχαντόντ
615 313 699 401 πλὴν
718 311 785 380 ἀλλ’
798 310 816 380 5
830 326 1023 400 Περεγρῖνος
1041 309 1171 402 ἀφείθη
1185 312 1250 384 ἀπὸ

220 427 280 488 τοῦ
302 419 378 487 τότε
399 425 458 505 τῆς
478 423 602 506 Συρίας
625 412 795 504 ἀρχόντος,
822 411 940 504 ἀνδρὸς
967 418 1155 505 φιλοσοφίᾳ
1179 423 1252 501 χαί-

171 555 199 563 ’·
221 520 358 609 ροντος,
374 519 411 600 ὃς
429 524 536 598 συνείς
552 517 610 607 τήν
629 517 792 586 ἀπόνοιαν
810 515 911 585 αάτοῦ
929 521 984 585 καὶ
1007 513 1060 585 ότι
1079 516 1198 600 δέξαιτ’
1214 516 1253 587 ἀν

221 622 418 705 ἀποθανεῖν,
439 618 485 701 ὥς
503 622 601 703 δόξαν
620 620 678 689 ἐπὶ
696 621 801 708 τούτῳ
822 617 995 702 ἀπολίποι,
1016 618 1140 710 ἀφήκεν
1155 618 1252 689 αὐτὸν

179 718 185 735 ’
221 723 375 814 οάδέτής
392 724 559 804 κολάσεως
577 720 757 811 ἀπολαβὼν
775 722 876 805 ἀξιον.
914 721 931 792 5
952 725 988 790 55
1006 722 1040 802 ἐς
1058 723 1116 811 τήν
1131 723 1252 791 οἰκείαν

222 826 416 913 ἐπανελθὼν
437 827 682 912 καταλαμβάνει
703 824 742 895 τὸ
769 830 847 916 περὶ
873 832 933 893 τοῦ
961 827 1119 915 ’πατρῴου
1148 826 1252 915 φόνου

223 931 272 999 ’ότι
294 935 494 1020 φλεγμαῖνον
515 933 572 996 καὶ
593 928 738 1009 πολλοὺς
754 928 833 1008 τοὺς
856 928 1168 1013 ἐπανατεινομένους
1193 927 1251 1016 τήν

221 1041 427 1123 κατηγορίαν.
473 1033 659 1122 διήρπαστο
688 1033 724 1099 δὲ
749 1030 792 1099 τὰ
819 1034 960 1100 πλεῖστα
984 1037 1051 1099 τιῦν
1081 1031 1252 1118 κτημάτων

221 1134 315 1224 παρὰ
341 1135 399 1222 τήν
426 1131 615 1222 ἀποδημίαν
643 1131 745 1201 αότοῦ
770 1137 830 1205 καὶ
852 1134 950 1218 μόνοι
971 1130 1191 1202 ἀπελείποντο
1219 1132 1253 1200 οί

222 1235 319 1326 ἀγροὶ
346 1234 426 1306 ὅσον
452 1237 485 1317 ἐς
512 1232 744 1305 πεντεκαίδεκα
769 1237 930 1304 τάλαντα·
957 1228 996 1325 ἦν
1022 1234 1083 1323 γὰρ
1110 1233 1130 1323 5
1157 1241 1253 1303 πᾶσα

223 1337 319 1409 οάσία
335 1340 511 1430 τριάκοντά
529 1366 595 1407 που
613 1341 782 1407 ταλάντων
800 1337 892 1422 ἀξία,
912 1338 950 1427 ήν
969 1336 986 1406 5
1005 1344 1108 1427 γέρων
1125 1341 1254 1405 κατέλω

221 1469 292 1524 πεν,
314 1440 373 1525 οάχ
390 1439 504 1531 ὥσπερ
523 1440 541 1509 5
560 1445 757 1528 παγγέλοιος
772 1447 928 1529 θεαγίνης
946 1441 1033 1528 ἐ’λεγε
1046 1465 1253 1523 πεντακισχι-

221 1548 328 1633 λίωνῇ
342 1546 502 1612 τοσούτου
526 1543 588 1633 γὰρ
612 1542 689 1612 οόδέ
710 1542 730 1632 ή
754 1552 848 1612 πᾶσα
868 1550 935 1611 τῶν
957 1550 1131 1630 Παριανῶν
1153 1545 1253 1623 πόλις

221 1653 320 1714 πέντε
344 1646 402 1714 σδν
425 1645 507 1735 αὐτῇ
529 1646 589 1724 τὰς
615 1648 808 1733 γειτνιώσας
834 1649 1076 1736 παραλαβοῦσα
1102 1650 1251 1734 πραθείη

222 1746 262 1817 ἀν
280 1746 394 1828 αάτοῖς
412 1746 609 1837 ἀνθρώποις
626 1752 682 1815 καὶ
698 1750 885 1836 βοσκήμασι
902 1749 958 1815 καὶ
971 1755 1012 1837 τῇ
1024 1752 1126 1836 λοιπῇ
1141 1773 1253 1837 παρα-

223 1859 330 1940 σκευῇ.

172 1977 205 2024 15
271 1951 350 2023 Ἀλλ’
363 1954 410 2022 ἐ’τι
428 1980 464 2041 γε
481 1952 501 2043 ή
520 1958 696 2042 κατηγορία
715 1951 820 2022 καὶτὸ
838 1953 978 2042 ἔγκλημα
991 1951 1117 2042 θερμὸν
1131 1943 1179 2039 ἦν,
1198 1954 1254 2020 καὶ

222 2056 316 2145 ἐῴκει
335 2053 391 2124 οὐκ
410 2057 443 2137 ἐς
459 2055 586 2146 μακρὰν
604 2055 898 2143 ἐπαναστήσεσθαί
914 2083 965 2136 τις
984 2053 1087 2143 αὐτῷ,
1112 2058 1167 2122 καὶ
1189 2056 1261 2139 μά·Ι
1286 2089 1294 2107 ·

222 2163 319 2227 λιστα
343 2158 360 2228 5
384 2161 488 2248 δῆμος
510 2156 608 2239 αάτδς
629 2155 803 2246 ἠγανάκτει
823 2156 972 2246 χρηστὸν,
1002 2155 1047 2238 ὥς
1070 2157 1199 2247 ἐ’φασαν
1222 2157 1254 2223 ολ

224 2262 361 2351 ἰδόντες,
385 2269 521 2350 γέροντα
541 2269 744 2341 πενθοῦντες
763 2257 868 2341 οὕτως
891 2258 1019 2347 ἀσεβῶς
1042 2257 1253 2327 ἀπολωλότα.

224 2363 241 2432 5
262 2367 298 2432 δέ
316 2364 422 2455 σοφὸς
441 2356 536 2444 οὗτος
549 2362 702 2452 Πρωτεὺς
714 2363 800 2451 πρὸς
814 2360 946 2433 ἅπαντα
958 2370 1063 2430 ταῦτα
1078 2368 1254 2449 σκέψασθε

223 2466 295 2534 οἶόν
312 2494 346 2533 τι
365 2468 476 2553 ἐξηῦρε
489 2471 544 2533 καὶ
563 2462 656 2546 ὅπως
668 2466 725 2533 τὸν
739 2467 884 2533 κίνδυνον
899 2467 1043 2554 διέφυγε.
1072 2463 1254 2553 παρελθὼν
1300 2470 1303 2477 “

222 2568 285 2658 γὰρ
305 2569 338 2648 ἐς
355 2567 413 2656 τήν
432 2568 600 2656 ἐκκλησίαν
617 2596 683 2636 των
695 2576 930 2658 Παριανων
949 2568 1050 2652 ἐκόμα
1070 2568 1106 2634 δε
1119 2564 1180 2656 ηδι
1198 2570 1254 2634 καί
1341 2589 1344 2595 ’

222 2677 366 2758 τρίβωνα
383 2670 523 2757 πιναρὸν
534 2668 716 2799 ἠμπείχετο
734 2674 791 2738 καὶ
807 2673 916 2759 πήραν
934 2671 1023 2760 παρή
1014 2695 1123 2798 γρτητφ
1141 2668 1248 2737 καλ
1214 2696 1253 2738 το

224 2773 348 2856 ξόλον
334 2799 366 2840 εν
379 2781 418 2863 τῇ
430 2776 515 2861 χειρὶ
528 2763 565 2860 ήν
579 2800 635 2839 και
623 2770 759 2858 όλωςγ
760 2775 837 2840 ιάλα
850 2781 1011 2902 τραγικρλς
1026 2773 1256 2840 ἐσκεύαστο-

224 2884 377 2957 τοιοῦτος
396 2868 453 2944 οὖν
476 2874 711 2966 ἐπιφανεὶς
672 2890 786 2957 αυτοῖς
809 2874 944 2965 ἀφεῖναι
966 2875 1029 2965 ἐφη
1051 2874 1108 2964 τήν
1127 2872 1254 2958 οὐσίαν,

223 2979 262 3068 ἣν
289 2976 307 3046 5
330 2984 510 3068 μακαρίτης
532 2979 641 3068 πατήρ
669 2977 758 3068 αάτιβ
785 2968 952 3059 κατέλιπε,
982 2979 1143 3065 δημοσίαν
1169 2976 1256 3047 εἶναι

222 3087 345 3151 πᾶσαν.
388 3089 487 3150 τοῦτο
515 3080 560 3163 ὥς
585 3080 720 3171 ήκουσεν
743 3079 761 3150 5
787 3084 889 3169 δῆμος
911 3086 1048 3167 πένητες
1075 3078 1256 3170 ἀνθρωποι

223 3189 279 3252 καὶ
295 3183 381 3271 πρὸς
400 3184 559 3271 διανομάς
575 3187 752 3275 κεχηνότες,
773 3181 947 3273 ἀνέκραγον
966 3180 1067 3263 εὐθὺς
1082 3183 1137 3252 ἕνα
1155 3184 1256 3272 φιλό-

224 3312 338 3376 σοφον,
364 3288 420 3355 ἕνα
438 3290 649 3377 φιλόπατριν,
675 3289 730 3357 ἕνα
748 3292 922 3374 Διογένους
938 3288 994 3352 καλ
1011 3289 1180 3374 Κράτητος
1199 3287 1256 3373 ζη-

223 3392 339 3476 λωτήν.
367 3390 401 3456 οἱ
419 3392 455 3457 δὲ
473 3391 589 3478 ἐχθροὶ
608 3390 828 3479 ἐπεφίμωντο,
847 3386 907 3456 κάν
922 3388 954 3455 εἴ
968 3414 1019 3468 τις
1033 3387 1255 3478 ἐπιχειρήσειε

173 3512 204 3561 16
222 3498 414 3577 μεμνῆσθαι
430 3500 489 3560 τοῦ
508 3494 622 3581 φόνου,
642 3496 755 3571 λίθοις
772 3488 874 3571 εὐθὺς
892 3491 1057 3577 ἐβάλλετο.
1091 3491 1177 3579 ἐξήει
1196 3482 1256 3558 οάν

222 3593 260 3661 τδ
281 3594 431 3682 δεύτερον
452 3597 712 3682 πλανησόμενος,
739 3592 831 3661 ἱκανὰ
854 3593 976 3683 ἐφόδια
997 3592 1075 3671 τοὺς
1091 3604 1255 3681 Χριστια-

153 3760 156 3765 .
222 3696 299 3776 νοδς
322 3699 411 3779 ἐχων,
435 3695 491 3786 ἀφ’
509 3689 554 3766 ὧν
577 3699 862 3787 δορυφορούμενος
885 3696 917 3765 ἐν
940 3692 1066 3764 ἀπασιν
1085 3693 1257 3786 ἀφθόνοις

120 3854 124 3861 .
222 3791 271 3888 ήν.
307 3803 363 3867 καὶ
378 3800 495 3890 χρόνον
516 3806 575 3885 μέν
596 3828 669 3869 τινα
691 3797 797 3879 οὕτως
819 3799 988 3884 ἐβόσκετο·
1012 3796 1083 3868 εἶτα
1105 3823 1256 3888 παρανο-

223 3903 331 3988 μήσας
355 3930 389 3971 τι
415 3906 470 3971 καὶ
494 3904 543 3984 είς
565 3902 705 3983 ἐκείνους
727 3943 769 3953 -
792 3898 895 3992 ὤφθη
918 3904 979 3990 γάρ
1001 3930 1048 3985 τι,
1078 3900 1124 3980 ὡς
1146 3898 1257 3987 οἶμαι,

226 4001 350 4072 ἐσθίων
371 4010 433 4073 τῶν
465 4002 660 4097 ἀπορρήτων
686 4003 799 4089 αὐτοῖς
822 4045 865 4057 -
893 4003 1003 4075 οάκέτι
1025 3997 1256 4095 προσιεμένων
