2782 4574
197 152 276 241 '104
373 230 376 235 .
584 179 854 244 ,ιοεκιιαον

205 290 342 360 πάντων
357 292 497 376 Ιμητέρα
522 285 582 375 τήν
611 288 760 376 πατρίδα
788 284 931 369 νομίζειν
961 286 1018 353 καλ
1045 285 1245 377 χαριστήρια

204 400 340 482 τροφῶν
363 389 564 459 ἀποδιδόναι
585 391 641 456 καλ
660 396 719 483 τῆς
740 394 806 458 τῶν
822 388 932 473 νόμων
949 384 1058 456 αὐτῶν
1078 389 1244 475 γνώσεως,

55 562 64 590 ‚
170 494 312 585 ειόφθη
340 496 376 563 δέ
399 490 508 572 οάδελς
534 484 640 571 ούτως
667 488 822 578 ἀμνήμων
847 497 906 579 τῆς
931 493 1107 580 πατρίδος,
1136 488 1183 572 ὥς
1209 492 1243 562 ἐν
1345 551 1350 561 .

205 597 288 687 άλλη
307 598 406 664 πόλει
422 595 594 682 γενόμενος
612 592 751 678 ἀμελεῖν,
772 590 840 660 ἀλλ’
855 593 944 661 οἵτε
960 602 1244 683 κακοπραγοῦντες

205 698 240 768 ἐν
265 711 341 780 ταῖς
366 696 571 785 ἀποδημίαις
598 703 739 779 συνεχῶς
770 692 985 764 ἀνακαλοῦσιν
1012 692 1059 777 ὦς
1087 702 1244 785 μέγιστον

205 808 273 870 τῶν
291 798 432 890 ἀγαθῶν
449 798 469 890 ή
487 802 625 889 πατρίς,
648 799 684 866 οἵ
702 824 738 866 τε
761 795 1042 883 εύδαιμονοῦντες,
1066 795 1105 887 ήν
1122 803 1179 868 καί
1199 798 1243 871 τδι

205 900 293 977 ἀλλα
315 895 351 971 εδ
373 903 562 990 πράττωσι,
590 907 689 970 τοῦτο
715 907 792 988 γοῦν
818 898 934 980 αύτοῖς
957 907 1112 990 μέγιστον
1139 902 1243 975 ἐνδεῖν

206 1007 392 1092 νομίζουσι,
420 1004 459 1075 τὸ
481 1005 527 1095 μή
549 1003 608 1094 τήν
630 1006 777 1095 πατρίδα
799 1004 914 1087 οἰκεῖν,
942 1000 1027 1072 ἀλλά
1053 1006 1241 1087 ξενιτεύειν·

205 1106 334 1190 όνειδος
359 1107 422 1198 γὰρ
447 1108 486 1177 τὸ
513 1115 572 1198 τῆς
598 1110 764 1190 ξενιτείας.
807 1110 863 1174 καλ
888 1105 967 1187 τοὺς
992 1106 1076 1174 κατὰ
1101 1105 1159 1190 τὸν
1181 1112 1243 1195 τής

172 1270 177 1277 ,
207 1210 400 1300 ἀποδημίας
420 1212 535 1301 χρόνον
553 1207 727 1297 λαμπροὺς
743 1216 937 1298 γενομένους
953 1206 976 1298 ή
994 1206 1051 1279 διά
1065 1210 1242 1306 χρημάτων

204 1321 318 1401 κτήσιν
339 1312 361 1401 ἢ
384 1312 441 1382 διὰ
465 1320 563 1401 τιμής
590 1312 688 1394 δόξαν
709 1309 732 1401 ἢ
755 1312 811 1381 διὰ
837 1313 995 1392 παιδείας
1015 1318 1197 1403 μαρτυρίαν
1218 1308 1243 1401 ἢ

163 1421 170 1433 ’
205 1414 248 1487 δι’
270 1415 422 1506 ἀνδρείας
444 1414 580 1484 ἐπαινσν
603 1414 691 1483 ἐστιν
714 1416 795 1483 ἰδεῖν
818 1414 851 1495 ἐς
872 1413 930 1503 τήν
947 1416 1095 1505 πατρίδα
1112 1415 1243 1495 πάντας
1349 1430 1385 1489 „³

206 1518 452 1606 ἐπειγομένους,
473 1515 518 1597 ὦς
537 1515 595 1585 ούκ
613 1514 653 1586 ἀν
671 1517 705 1585 ἐν
723 1513 836 1598 ἀλλοις
852 1521 1017 1603 βελτίοσιν
1035 1517 1242 1602 ἐπιδειξομέ-

204 1645 281 1699 νοος
306 1620 349 1687 τὰ
376 1617 484 1689 αύτῶν
509 1620 608 1686 καλά·
639 1623 693 1686 καλ
715 1620 864 1707 τοσούτῳ
891 1645 928 1707 γε
954 1623 1078 1705 μᾶλλον
1105 1620 1254 1699 ἕκαστος·

205 1723 345 1790 σπεύδει
370 1724 537 1807 λαβέσθαι
562 1727 620 1810 τῆς
645 1723 820 1811 πατρίδος,
854 1718 988 1810 ὅσῳπερ
1015 1720 1056 1791 ἀν
1082 1728 1243 1811 φαίνηται

61 1903 66 1907 ,
204 1824 363 1909 μειζόνων
381 1822 459 1914 παρ’
471 1821 584 1904 ἀλλοις
600 1823 789 1913 ἠξιωμένος.

171 1945 188 1995 9
257 1925 405 2015 Ποθεινὴ
423 1928 482 2011 μὲν
500 1918 558 1995 ούν
579 1930 635 1994 καί
651 1932 737 2006 νέοις
754 1934 890 2014 πατρίς·
912 1940 985 2008 τοῖς
1008 1924 1125 2016 δδήδη
1147 1952 1243 2018 γεγη-

142 2094 143 2098 ,
206 2029 344 2114 ρακόοιν
372 2024 441 2117 όοῳ
468 2032 569 2101 πλέον
594 2037 652 2098 τοῦ
680 2043 813 2119 φρονεῖν
839 2028 861 2117 ἢ
886 2043 958 2110 τοῖς
983 2036 1070 2110 νέοις
1095 2037 1238 2116 μέτεστι,

202 2133 354 2218 τοσούτῳ
376 2136 433 2199 καλ
457 2136 582 2201 πλείων
608 2133 786 2221 ἐγγίγνεται
809 2133 922 2213 πόθος
950 2130 967 2200 ὁ
990 2140 1048 2221 τής
1069 2135 1242 2223 πατρίδος.

205 2228 343 2313 ’ἕκαστος
364 2242 442 2322 γοῦν
463 2242 529 2304 τῶν
551 2237 775 2324 γεγηρακότων
796 2240 852 2303 καὶ
875 2234 1013 2304 σπεύδει
1034 2240 1090 2303 καὶ
1112 2234 1242 2320 εύχεται

203 2340 388 2404 καταλῦσαι
408 2336 466 2405 τὸν
485 2345 561 2423 βίον
585 2338 642 2405 ἐπὶ
664 2345 722 2426 τής
748 2339 924 2427 πατρίδος,
953 2337 992 2406 ἵν’
1014 2334 1097 2407 ὅθεν
1117 2334 1240 2429 ἤρξατο

203 2445 307 2526 βιοῦν,
328 2438 473 2507 ἐνταῦθα
491 2442 593 2507 πάλιν
606 2433 662 2507 καὶ
678 2439 717 2507 τὸ
733 2447 829 2526 σῶμα
842 2432 1125 2528 παρακατάθηται
1140 2446 1180 2529 τῇ
1197 2444 1240 2529 γῇ

202 2547 244 2629 τῇ
262 2547 461 2629 θρεψαμένῃ
478 2545 533 2609 καλ
550 2549 616 2610 τῶν
632 2543 797 2631 πατρῴων
814 2543 995 2633 κοινωνήσῃ
1016 2544 1147 2634 τάφων·
1171 2523 1262 2611 διε)

203 2639 259 2711 τὸν
279 2636 342 2733 γὰρ
370 2643 496 2731 ἑκάστῳ
522 2645 613 2711 δοκεῖ
633 2647 739 2726 ξενίας
762 2643 962 2714 ἁλίσκεσθαι
984 2649 1040 2714 καλ
1061 2645 1146 2732 μετὰ
1171 2645 1242 2714 θά-

203 2771 301 2813 νατον
319 2745 352 2813 ἐν
369 2742 527 2835 ἀλλοτρίην
544 2751 680 2835 κειμένῳ
698 2753 748 2837 γῇ.

153 2867 188 2919 10
250 2845 342 2916 Ὅσον
364 2849 401 2915 δέ
422 2855 480 2934 τῆς
504 2844 632 2929 εύνοίας
652 2858 711 2938 τής
732 2849 819 2941 πρὸς
839 2849 900 2930 τὰς
921 2853 1086 2939 πατρίδας
1107 2857 1242 2937 μέτεστι

203 2962 276 3029 τοῖς
295 2947 340 3028 ὡς
358 2946 496 3037 ἀληθῶς
517 2958 663 3039 γνησίοις
685 2957 840 3033 πολίταις
862 2953 973 3038 μάθοι
994 2980 1046 3033 τις
1064 2950 1104 3023 ἀν
1122 2953 1156 3022 ἐκ
1173 2960 1242 3023 τῶν

169 3048 183 3107 ·¹
204 3048 428 3135 αύτοχθόνων.
453 3055 552 3138 οἱμὲν
565 3054 626 3143 γὰρ
642 3054 810 3143 ἐπήλυδες,
825 3057 982 3146 καθάπερ
996 3058 1106 3139 νόθοι,
1121 3057 1243 3149 ῥᾳδίας

198 3161 381 3223 ποιοῦνται
394 3154 455 3236 τὰς
472 3158 740 3242 μεταναστάσεις,
759 3157 799 3226 τὸ
814 3160 873 3242 μέν
885 3167 945 3248 τῆς
957 3160 1120 3249 πατρίδος
1134 3157 1240 3243 ὄνομα

202 3259 286 3346 μήτε
308 3258 434 3339 εἰδότες
455 3259 537 3347 μήτε
564 3265 763 3349 στέργοντες,
791 3259 967 3349 ήγούμενοι
993 3260 1025 3329 δ’
1046 3260 1240 3345 ἁπανταχοῦ
1269 3270 1271 3275 ’

197 3366 270 3428 ’τῶν
289 3360 487 3449 ἐπιτηδείων
505 3361 710 3452 εὐπορήσειν,
734 3370 853 3454 μέτρον
871 3361 1086 3452 εύδαιμονίας
1102 3363 1164 3445 τὰς
1180 3369 1240 3452 τῆς

202 3464 345 3553 γαστρὸς
354 3461 473 3553 ήδονδις
485 3471 666 3551 τιθέμενοι.
691 3464 741 3547 οἷς
755 3467 791 3535 δέ
799 3470 854 3535 καλ
862 3468 968 3557 μήτηρ
981 3464 1142 3558 ήπατρλς,
1158 3463 1240 3554 ἀγα-

202 3571 297 3633 πῶσι
313 3566 371 3656 τήν
388 3575 445 3656 γήν
463 3566 513 3657 ἐφ’
525 3560 564 3656 ής
582 3567 726 3656 ἐγένοντο
743 3573 800 3637 καλ
822 3570 1025 3660 ἐτράφησαν,
1048 3567 1108 3638 κάν
1126 3567 1240 3658 ὀλίγην

97 3686 100 3690 ’
203 3668 313 3752 ἐχωσι,
333 3667 392 3737 κάν
405 3683 557 3759 τραχεῖαν
574 3675 630 3739 καλ
643 3671 843 3760 λεπτόγεων·
860 3669 920 3742 κάν
934 3671 1091 3763 ἀπορῶσι
1103 3678 1162 3762 τής
1178 3677 1239 3762 γῆς

204 3767 379 3841 ἐπαινέσαι
391 3772 449 3861 τήν
463 3771 588 3864 ἀρετήν,
606 3782 672 3843 τῶν
684 3801 721 3864 γε
733 3772 817 3867 όπέρ
831 3784 889 3865 τής
901 3778 1064 3867 πατρίδος
1078 3774 1137 3844 οὖν
1150 3772 1238 3842 ἀπο-

203 3875 361 3961 ρήσουσιν
379 3875 555 3963 ἐγκωμίων,
580 3874 664 3946 ἀλλά
680 3876 739 3948 κάν
756 3880 873 3950 ἰ’δωσιν
891 3879 1023 3969 ἐτέρους
1041 3880 1238 3965 σεμνυνομέ-

203 4000 281 4057 νοας
297 3979 428 4058 πεδίοις
442 3977 623 4067 ἀνειμένοις
640 3985 694 4050 καὶ
712 3985 853 4071 λειμῶσι
870 3995 989 4076 φυτοῖς
1006 3982 1239 4060 παντοδαποῖῖ
