2792 4580
295 208 392 263 Lxx.
418 209 663 285 υπιΣΤοΛΑτ
679 211 894 266 monum
915 213 1035 268 19-21.
1120 200 1185 268 195
1245 192 1252 202 ‘

140 315 254 399 χαμαὶ
271 312 457 403 βαδίζομεν,
478 313 653 398 δυνάμενοι
666 311 715 397 ἀν,
736 307 772 383 εύ
789 317 876 398 ἰ’σθι,
895 315 940 404 μὴ
952 330 1061 405 χεῖρον
1074 317 1191 387 αύτιῦνν
1216 334 1227 377 3

119 500 122 504 A
148 412 392 503 ἀποκρίνεσθαι
410 418 465 481 καὶ
483 418 671 501 διαβαίνειν,
696 417 729 484 εἴ
742 444 792 498 τις
809 422 865 485 καί
882 417 969 506 ἡμᾶς
992 419 1183 489 ἐνεσκεύασε

3 506 4 513 ¹
81 551 89 560 ’
147 520 394 605 παραπλησίως
412 515 555 598 ἐκείνοις.
582 524 690 586 καίτοι
706 516 816 599 ἀκούω
830 528 896 589 τῶν
910 529 1058 609 ποιητῶν
1071 523 1182 610 λεγόν·
1200 543 1235 592 κο

147 647 214 688 των
241 616 288 699 τός
309 617 348 688 τδ
372 618 517 688 παλαιὸν
544 618 584 689 οὗ
608 629 748 690 τοιαῦτα
768 614 808 711 ἦν
827 637 900 703 τοῖς
923 621 1120 712 ἀνθρώποις
1141 622 1184 693 τδι

148 722 330 812 πράγματα
349 729 410 790 σού
429 722 479 790 ἐ’τι
495 732 747 813 μοναρχοῦντος,
772 724 840 793 ἀλλ’
856 723 876 815 ἦ
894 727 953 812 μδν
970 733 1010 815 γῆ
1033 724 1184 816 ἀοπορος

148 829 205 893 καὶ
228 822 385 912 ἀνήροτος
408 824 506 914 ἐ’φυεν
528 824 642 907 αὐτοῖς
665 827 708 894 τὰ
734 825 863 916 ἀγαθά,
892 831 1025 897 δεῖπνον
1052 830 1184 914 ἕτοιμον

150 927 278 1015 ἑκάστῳ
303 927 464 1018 ἒςνκόρον,
488 933 637 1014 ποταμοί
660 931 697 997 δὲ
721 931 828 1016 οἱμὲν
851 929 948 1014 οἶνον,
973 932 1007 999 οί
1029 933 1065 999 δὲ
1087 933 1182 1018 γάλα,

150 1031 216 1098 εἰσὶ
236 1031 271 1097 δὲ
284 1035 324 1119 ρί
340 1034 395 1097 καί
411 1035 487 1117 μέλι
506 1031 625 1121 όρρεον.
662 1030 701 1099 τὸ
721 1033 757 1099 δὲ
774 1039 936 1120 μέγιστον,
962 1032 1083 1114 αύτούς
1101 1034 1184 1102 ἒκεί-

146 1158 226 1212 νους
244 1135 330 1231 φασὶ
346 1131 423 1212 τοὺς
437 1130 640 1221 ἀνθρώπους
651 1142 793 1223 χρυσοῦς
808 1133 900 1218 εἶναι,
920 1143 1036 1204 πενίαν
1051 1138 1087 1203 δὲ
1099 1138 1186 1225 μηδὲ

148 1234 188 1305 τὸ
206 1235 368 1321 παράπαν
388 1232 501 1314 αύτοῖς
518 1238 721 1325 πλησιάζειν.
754 1234 848 1324 ἡμεῖς
867 1239 902 1304 δὲ
921 1235 1016 1304 αύτοί
1033 1241 1091 1322 μὲν
1105 1235 1185 1305 οὐδὲ

148 1339 315 1423 μόλυβδος
342 1334 381 1405 ἀν
408 1337 542 1416 εἰκότως
569 1340 755 1425 δοκοίημεν,
785 1336 852 1405 ἀλλ’
870 1341 903 1406 εί
925 1367 958 1406 τι
984 1344 1040 1406 καὶ
1064 1340 1185 1407 τούτου

151 1437 358 1528 ἀτιμότερον,
386 1436 406 1527 ἡ
429 1438 535 1529 τροφὴ
561 1441 597 1507 δὲ
618 1439 702 1526 μετὰ
724 1443 836 1508 πόνων
857 1455 929 1520 τοῖς
951 1445 1135 1522 πλείστοις,
1163 1439 1183 1527 ἡ

148 1548 249 1611 πενία
272 1543 385 1609 δὲκαὶ
408 1540 534 1630 ἀπορία
555 1545 611 1610 καὶ
634 1540 798 1631 ἀμηχανία
818 1546 874 1611 καὶ
895 1542 933 1611 τό
957 1544 1049 1628 οῖ’μοι
1071 1542 1184 1610 καὶτὸ

148 1645 260 1712 πόθεν
274 1640 313 1710 άν
324 1669 384 1728 μοι
397 1649 523 1731 γίνοιτο
541 1647 597 1712 καὶ
615 1643 643 1712 ἀλ
660 1652 718 1733 τῆς
731 1647 838 1734 τύχης,
858 1644 968 1715 πολλὰ
986 1645 1028 1739 τδι
1043 1652 1183 1712 τοιαῦτα

147 1744 245 1835 παρὰ
257 1752 334 1833 γοῦν
347 1744 424 1834 ἡμῖν
437 1762 508 1827 τοῖς
523 1753 651 1836 πένησι.
679 1751 734 1815 καὶ
747 1739 843 1837 ἦττον
858 1747 906 1831 ἀν,
927 1741 963 1816 εὖ
978 1750 1064 1828 ίσθι,
1085 1746 1186 1836 ἠνιιό-
1221 1817 1225 1821 .

149 1855 243 1934 μεθα
262 1845 302 1916 ἀν
321 1845 371 1916 ἀπ’
388 1846 515 1932 αὐτοῖς,
541 1849 632 1938 εἰμὴ
654 1850 733 1929 τούς
755 1855 936 1931 πλουσίους
959 1851 1111 1941 ἑωρῶμεν
1128 1874 1185 1916 το-

115 2028 118 2037 ,
149 1952 254 2039 σαύτη
273 1947 467 2039 εὐδαιμονίᾳ
486 1953 656 2035 συνόντας,
677 1957 711 2020 οἳ
727 1961 886 2021 τοσοῦτον
904 1955 962 2037 μὲν
978 1951 1108 2041 χρυσὸν,
1128 1977 1187 2018 το-

151 2060 269 2122 σοῦτον
280 2055 316 2120 δὲ
326 2049 464 2141 ἀργυρον
474 2053 726 2140 ἐγκλεισάμενοι,
741 2054 888 2142 ἐσθῆτας
903 2057 938 2121 δὲ
952 2051 1034 2133 όσας
1048 2053 1185 2136 ἔχοντες,

151 2154 346 2243 ἀνδράποδα
365 2156 401 2222 δὲ
415 2158 473 2221 ’καὶ
491 2155 583 2244 ζεύγη
602 2160 657 2222 καὶ
677 2164 841 2236 συνοικίας
859 2159 913 2222 καί
937 2153 1068 2244 ἀγρούς,
1093 2154 1185 2237 πάμ-
1222 2178 1227 2214 1

150 2258 262 2326 πολλα
280 2258 315 2324 δὲ
332 2263 436 2324 ταῦτα
456 2257 576 2325 ἕκαστα
597 2263 785 2345 κεκτημένοι
808 2255 866 2341 ούχ
890 2253 983 2336 ὅπως
1005 2257 1186 2341 μετέδοσαν

150 2356 229 2447 ἡμῖν
251 2384 334 2427 ποτε
357 2356 477 2442 αὐτῶν,
506 2356 574 2426 ἀλλ’
592 2357 669 2427 οάδὲ
690 2362 914 2448 προσβλέπειν
934 2358 1013 2439 τούς
1039 2356 1184 2438 πολλοὺς

152 2458 294 2543 ἀξιούμι.

206 2571 314 2632 Ταύτοι
331 2561 417 2650 ἡμᾶς
433 2562 786 2653 μάλιστα-ἀποπνίγει,
808 2556 962 2654 ὦΚρόνε,
981 2567 1037 2631 καί
1055 2563 1184 2654 ἀφόρη-
1202 2587 1234 2634 21

151 2691 208 2734 τον
225 2663 399 2754 ἡγούμεθα
416 2665 455 2735 τὸ
473 2674 624 2755 πρᾶγμα,
643 2667 702 2736 τὸν
718 2670 777 2753 μὲν
796 2665 847 2757 ἐφ’
865 2666 1067 2757 ἁλουργίδων
1085 2693 1185 2733 κατα-

151 2775 297 2853 κείμενον
323 2771 496 2849 τοσούτοις
523 2767 668 2856 ἀγαθοῖς
694 2769 856 2862 ἐντρυφᾶν
888 2768 1103 2858 ἐρυγγάνοντα
1129 2772 1185 2835 καὶ

151 2869 220 2939 ύπδ
238 2878 304 2941 τῶν
323 2873 484 2940 συνόντων
503 2870 693 2958 εύδαιμονιζ
701 2873 807 2958 ’μενον
826 2871 880 2939 ἀεὶ
897 2872 1106 2959 ἑορτάζοντα,
1127 2872 1185 2955 ἐμὲ

153 2975 264 3042 δὲκαὶ
284 2974 361 3054 τοὺς
384 2971 520 3060 ὁμοίους
543 2973 767 3061 ὀνειροπολεῖν
790 2976 823 3042 εί
843 2982 953 3042 ποθεν
977 2971 1090 3059 ὀβολοὶ
1114 2981 1186 3042 τίτ·

151 3101 249 3164 ταρες
266 3081 423 3163 γένοιντο,
448 3074 493 3155 ὥς
512 3075 638 3161 ύχοιμεν
657 3073 766 3164 ἀρτων
783 3082 860 3163 γούν
877 3072 899 3163 ἢ
918 3074 1065 3163 ἀλφίτων
1084 3068 1183 3160 ἐμπε-

126 3266 133 3275 1
151 3181 336 3266 πλησμύνοι
348 3179 535 3260 καθεύδειν,
554 3178 721 3266 κάρδαμον
739 3175 760 3265 ἢ
773 3178 884 3262 θύμον
897 3174 918 3265 ἢ
931 3178 1097 3262 κρόμμυον
1113 3177 1187 3244 ἐπι-

152 3281 342 3371 τριόγοντες.
369 3279 391 3370 ἢ
408 3286 516 3349 τοίνυν
528 3287 641 3363 ταῦτα,
662 3271 689 3347 ιά
703 3279 816 3369 Κρόνε,
837 3276 1007 3346 ἀλλάττειν
1019 3281 1075 3345 καί
1086 3303 1188 3362 μετα-

152 3397 264 3452 ποιεῖν
283 3382 316 3463 ἒς
332 3383 371 3452 τὸ
392 3384 583 3467 ἰσοδίαιτον,
602 3379 623 3472 ἢ
640 3381 679 3452 τὸ
694 3378 844 3464 ύοτατον,
865 3379 984 3460 αύτούς
995 3406 1032 3469 γε
1046 3379 1187 3460 ἐκείνους

152 3487 295 3555 κελεύειν
313 3485 390 3567 τοὺς
407 3490 589 3581 πλουσίους
610 3485 654 3575 μὴ
676 3487 798 3573 μόνους
821 3482 1003 3554 ἀπολαύειν
1020 3491 1085 3553 τοῖν
1105 3480 1187 3569 ἀγα-

152 3595 242 3672 θῶν,
272 3586 340 3657 ἀλλ’
357 3587 425 3657 ἀπὸ
447 3591 506 3674 μὲν
526 3592 691 3676 μεδίμνων
712 3590 879 3659 τοσούτων
900 3594 1035 3675 χρυσίου
1057 3586 1186 3670 χοίνικά

152 3717 190 3780 γε
207 3680 299 3781 ἡμῶν
316 3692 450 3760 πάντων
467 3691 723 3774 κατασκεδάσαι,
744 3690 813 3761 ἀπὸ
834 3693 869 3760 δὲ
888 3692 1026 3776 ἱματίων
1045 3684 1110 3755 ὅσα
1126 3683 1187 3754 κάν

151 3791 221 3863 ἀπὸ
240 3796 596 3885 σητῶνιδιαβρωθέντα
614 3791 673 3862 ούκ
691 3791 730 3861 ἀν
753 3791 872 3873 αύτούς
896 3789 1056 3872 άνιάσειε,
1080 3794 1187 3857 ταῦτα

151 3905 231 3988 γούν
248 3900 383 3988 πάντως
401 3896 612 3983 ἀπολλύμενα
628 3899 684 3963 καί
701 3893 769 3964 ἀπὸ
786 3903 846 3964 τοῦ
857 3897 976 3982 χρόνου
992 3895 1187 3982 διαφθαρη-

152 4001 279 4088 σόμονα
291 4000 368 4092 ἡμῖν
382 4005 497 4073 δούναι
509 4002 755 4090 περιβαλέσθαι
762 4002 887 4087 μᾶλλον
899 3995 920 4089 ἢ
935 3998 1050 4155 ἒνῙηαῖς
1059 4003 1187 4077 κίσταις
