2782 4574
413 215 520 271 LXIX·
547 215 764 272 ΔΡΑΠΕΤΑῙ
785 217 890 271 6-12.
1101 207 1167 273 177

127 319 226 390 εἶδον
239 319 359 387 ἐκεῖνον
373 313 467 397 όπως
481 315 641 387 ἀπέθανε.
667 317 751 402 μετὰ
769 317 800 386 δ’
812 312 870 389 οόν
882 319 958 400 τοὺς
970 325 1167 411 ’Βραχμᾶνας
1182 345 1200 395 8

128 424 184 502 εἰς
196 422 387 491 Αἰθιοπίαν
400 417 513 501 εὐθὺς,
528 418 599 487 εἶτα
612 422 659 501 είς
671 422 841 508 Αἴγυπτον
853 428 1001 511 κατέβην,
1018 428 1074 492 καὶ
1087 450 1166 512 συγ-

129 529 288 614 γενομένη
306 535 378 603 τοῖς
397 522 519 613 ἱερεῦσι
535 528 591 591 καῖ
608 524 799 615 προφήταις
818 522 928 592 αὐτῶν
951 530 1006 591 καὶ
1023 524 1065 593 τδι
1082 534 1166 595 θεῖα

129 625 349 696 παιδεύσασα
370 624 403 704 ές
420 629 603 711 Βαβυλῶνα
626 622 740 716 ἀπήρα
756 629 945 708 Χαλδαίους
962 630 1018 694 καὶ
1039 629 1166 715 μάγους

131 728 317 817 μυήσουσα,
338 724 409 796 εἷτα
427 727 620 808 έςΣκυθίαν
634 729 770 812 ἐκεῖθεν,
790 726 863 798 εἶτα
881 729 913 811 ές
927 731 1060 821 Θρᾴκην,
1081 730 1166 800 ένθα

130 857 194 918 μοι
210 826 392 915 Εόμολπος
413 833 470 898 καὶ
484 828 616 920 Ὀρφεός
638 838 881 920 συνεγενέσθην,
906 833 963 912 οὓς
984 837 1040 901 καὶ
1057 858 1166 922 προα-

131 937 341 1003 ποστείλασα
360 931 393 1012 ές
409 931 466 1020 τήν
480 930 627 1017 Ἐλλάδα,
646 933 703 1003 τὸν
719 937 780 1020 μὲν
798 932 843 1015 ῶς
860 939 1019 1004 τελέσειεν
1034 934 1163 1018 αότοὺς,

129 1034 192 1105 τὸν
213 1032 394 1120 Εὔμολπον
416 1075 459 1086 -
481 1035 685 1124 ἐμεμαθήκει
710 1036 771 1126 γὰρ
798 1036 840 1105 τδι
867 1044 948 1105 θεῖα
973 1037 1052 1128 παρ’
1072 1036 1164 1127 ήμῶν

132 1135 270 1207 ἅπαντα
295 1177 337 1188 -
363 1136 420 1207 τόν
452 1139 502 1222 δὲ,
534 1135 581 1218 ῶς
607 1138 741 1230 ἀπᾴδων
767 1141 990 1227 προσβιβάζοι
1014 1147 1054 1231 τῇ
1082 1166 1165 1225 μου·

131 1247 225 1328 σιτῇ,
253 1239 337 1307 κατὰ
358 1241 468 1320 πόδας
490 1241 641 1330 εἱπόμην.
682 1241 796 1311 καὶτὸ
818 1245 877 1327 μὲν
902 1250 1035 1329 πρῶτον
1061 1240 1197 1322 εόθδςν

129 1343 301 1411 έλθοόσαν
323 1338 398 1411 ούτε
423 1342 511 1411 πάνυ
539 1340 733 1431 ἠσπάσαντο
760 1345 793 1413 οἱ
807 1341 954 1433 Ἕλληνες
981 1342 1056 1412 ούτε
1079 1341 1165 1425 ὅλως

131 1442 347 1515 ἀπέκλεισαν
372 1443 440 1513 κατ’
457 1443 567 1534 ὀλίγον
589 1447 625 1513 δέ
651 1446 903 1536 προσομιλοῦσα
930 1445 1016 1514 ἔπτὰ
1038 1447 1073 1514 ἐκ
1097 1450 1164 1514 τῶν

133 1543 290 1615 ἁπάντων
308 1547 458 1638 ἑταίρους
474 1551 530 1616 καὶ
546 1547 702 1637 μαθητὰς
719 1550 974 1639 προσηγαγόμην
992 1553 1048 1616 καὶ
1065 1546 1163 1617 ἀλλον

128 1649 172 1716 έκ
191 1651 305 1734 Σάμου
332 1653 388 1717 καὶ
414 1647 513 1718 ἀλλον
539 1649 576 1732 ἒξ
593 1647 730 1742 Ἑφέσου
758 1657 815 1721 καὶ
833 1644 1032 1742 Ἀβδηρόθεν
1054 1648 1162 1733 ἀλλον,

131 1749 266 1837 ὀλίγους
287 1753 492 1821 παντάπασι.
532 1749 610 1838 μεθ’
627 1755 685 1833 οὓς
710 1753 749 1823 τδ
779 1762 949 1843 σοφιστῶν
975 1758 1078 1844 φῦλον
1105 1751 1163 1822 οὐκ
1182 1776 1215 1823 10

118 1850 201 1922 ὀἷδ’
217 1850 311 1933 ὅπως
326 1879 386 1939 μοι
403 1857 628 1944 παρενεφύετο
652 1854 727 1925 οότε
750 1849 976 1944 ζηλοῦνετάμδι
999 1858 1032 1937 ἐς
1052 1854 1163 1944 βάθος

131 1953 212 2024 οότε
229 1958 347 2045 κομιδῇ
366 1954 506 2046 ἀπᾷδον,
530 1955 599 2025 ἀλλ’
615 1959 685 2027 οἷον
706 1959 744 2028 τὸ
760 1958 1039 2050 Ἱπποκενταύρων
1060 1965 1161 2046 γένος,

129 2061 297 2128 σύνθετόν
314 2086 347 2127 τι
364 2063 421 2126 καὶ
437 2058 551 2145 μικτόν
569 2060 602 2128 ὀν
623 2067 714 2149 μέσην
739 2059 930 2143 ἀλαζονείας
951 2066 1007 2129 καὶ
1024 2066 1164 2150 φιλοσο-

128 2167 217 2251 φίας
238 2163 455 2249 πλαζόμενον,
484 2161 559 2230 οότε
584 2171 624 2253 τῇ
648 2159 764 2252 ἀγνοίᾳ
785 2167 894 2232 τέλεον
921 2164 1163 2250 προσεχόμενον

130 2260 212 2332 σότε
233 2261 318 2352 ἡμᾶς
342 2264 471 2335 ἀτενέσι
491 2278 563 2346 τοῖς
586 2251 780 2354 ὀφθαλμοῖς
802 2272 952 2355 καθορᾶν
975 2265 1161 2351 δυνάμενον,

91 2395 99 2400 ·
129 2363 205 2435 ἀλλ’
222 2366 292 2434 οἶον
309 2371 474 2455 λημῶντες
496 2366 564 2436 ὑπὸ
586 2374 645 2435 τοῦ
664 2365 888 2454 ἀμβλυώττειν
911 2365 1041 2457 ἀσαφές
1057 2394 1092 2434 τι
1109 2369 1165 2437 καὶ

129 2467 281 2558 ἀμυδρὸν
302 2467 394 2558 ήμῶν
417 2472 552 2539 εἴδωλον
575 2460 595 2558 ή
619 2469 712 2539 σκιὰν
731 2468 834 2538 ένίοτε
857 2470 981 2563 ὀδόντες
1002 2466 1051 2552 ὀλυ,
1077 2469 1109 2537 ολ
1128 2470 1164 2539 δὲ

129 2568 239 2660 ήίοντο
258 2568 401 2658 ἀκριβῶς
419 2573 528 2641 πάντα
545 2578 819 2661 κατανενοηκέναι.
857 2569 939 2641 ὅθεν
956 2570 1034 2662 παρ’
1051 2571 1164 2651 αὐτοῖς

129 2671 153 2762 ᾗ
175 2670 307 2760 ἀχρεῖος
321 2673 423 2763 έκείνη
441 2679 496 2742 καὶ
513 2674 650 2765 περιττή
670 2681 774 2764 σοφία
791 2678 855 2757 καὶ,
877 2672 922 2755 ῶς
940 2672 1035 2743 αότοὶ
1048 2670 1162 2761 ήιόντο,

129 2774 352 2862 ἀπρόσμαχος
369 2774 573 2867 ἀνεφλέγετο,
595 2778 632 2845 αἱ
647 2780 779 2864 κομψαὶ
796 2782 851 2845 καί
869 2775 995 2866 ἀποροι
1011 2779 1067 2844 καὶ
1085 2773 1164 2842 ἀτο-

132 2902 197 2951 ποι
215 2875 407 2965 ἀποκρίσεις
423 2884 479 2947 καὶ
497 2883 669 2962 δυσέξοδοι
685 2885 742 2948 καὶ
763 2881 1024 2967 λαβυρινθώδεις
1042 2879 1164 2968 ἐρωτή-

131 3005 215 3059 σεις.
243 2978 314 3048 εἶτα
330 2983 531 3067 κωλυόμενοι
547 2986 603 3050 καὶ
621 2982 823 3069 έλεγχόμενοι
840 2982 926 3072 πρὸς
942 2991 1008 3051 τῶν
1026 2981 1163 3071 ἑταίρων
1183 3003 1214 3050 11

129 3087 201 3153 τῶν
215 3081 301 3168 έμῶν
313 3081 580 3170 ήγανάκτουνκαὶ
593 3091 784 3153 συνίσταντο
799 3082 849 3153 ἀπ’
862 3082 989 3168 αότοὺς,
1004 3088 1060 3152 καί
1072 3088 1165 3164 τέλος

129 3188 359 3278 δικαστηρίοις
376 3184 501 3274 ἀπῆγον
518 3190 574 3254 καὶ
591 3187 815 3273 παρεδίδοσαν
832 3192 1012 3271 πιομένους
1028 3193 1087 3254 τοῦ
1100 3212 1165 3253 κιο·

132 3293 234 3357 νείον.
270 3287 364 3378 έχρήν
380 3291 440 3368 μὲν
458 3280 515 3357 οόν
532 3290 615 3369 ἰ’σιος
631 3289 707 3355 τότε
725 3300 840 3376 φυγεῖν
859 3286 961 3367 εόθδς
978 3291 1034 3355 καὶ
1050 3293 1165 3377 μηκέτι

129 3388 315 3473 ἀνέχεσθαι
335 3389 393 3480 τὴν
415 3397 590 3461 συνουσίαν
612 3387 732 3472 αότῶν,
760 3396 816 3458 νῦν
839 3392 874 3458 δέ
891 3388 1098 3477 Ἀντισθένης
1123 3414 1165 3477 με

129 3495 191 3559 καὶ
204 3498 360 3580 Διογένης
372 3497 427 3561 καὶ
439 3494 523 3580 μετὰ
536 3492 652 3584 μικρὸν
664 3494 794 3583 Κράτης
811 3497 1055 3571 καὶΜένιππος
1068 3483 1172 3572 οὗτος

129 3594 273 3663 ἔπεισαν
291 3591 400 3683 ὀλίγον
415 3593 497 3664 όσον
515 3597 733 3686 ἐπιμετρῆσαι
749 3602 808 3684 τῆς
824 3601 935 3684 μονής.
972 3592 1018 3674 ῶς
1034 3595 1165 3683 μήποτε
1193 3663 1208 3689 ⁸
1273 3660 1275 3663 ,

127 3693 281 3786 ὤφελον·
301 3696 339 3766 οὗ
357 3696 419 3786 γάρ
439 3695 478 3765 ἀν
495 3706 642 3766 τοσαῦτα
661 3697 863 3780 ἐπεπόνθειν
881 3694 1026 3786 ὕστερον.

186 3816 290 3871 ΖΕΥΣ.
332 3798 469 3869 Οόδέπω
491 3826 552 3885 μοι
572 3803 690 3887 λέγεις,
715 3791 742 3866 ιδ
767 3803 968 3888 Φιλοσοφία,
995 3803 1070 3865 τίνα
1091 3794 1164 3884 ήδί-
1182 3820 1213 3869 12

128 3926 242 3991 κησαι,
264 3899 331 3970 ἀλλ’
344 3902 536 3991 ἀγανακτεῖς
552 3902 662 3988 μόνον.

106 4038 110 4049 ·
186 4021 263 4075 ΦΙΔ.
299 4009 364 4072 Καὶ
381 4005 445 4094 μήν
463 4002 573 4088 ἀκουε,
594 3997 621 4073 ῶ
639 4010 717 4089 Ζεῦ,
740 4001 836 4094 ήλίκα
854 4004 938 4075 ἔστί·
960 4003 1080 4093 μιαρὸν
1100 4005 1163 4096 γάρ

189 4109 284 4152 Luciam
299 4110 340 4151 ιιι.
350 4108 386 4153 ιιι.
627 4154 632 4165 s
961 4108 996 4163 12
