2792 4580
236 222 312 289 202.
458 204 463 213 “
576 293 580 305 ,
625 230 880 288 οοκειεαυυ

235 338 347 419 ῦΖεῦς
359 334 421 428 ήδη
436 338 659 426 ἐκκεκώφηται
672 337 758 425 πρὸς
772 335 878 405 αύιῶν
892 334 1107 424 ἀναβοώντων
1120 340 1177 406 καὶ
1186 335 1277 408 αύτδι

236 442 277 531 δὴ
295 449 400 510 ταῦτα
416 439 474 510 τὸν
492 438 682 525 ἀναδασμὸν
701 437 878 521 ἀξιούντων
904 446 1061 528 γενέσθαι
1082 444 1138 508 καὶ
1156 441 1275 509 αἰτιω-

234 550 342 631 μένων
363 545 422 632 τήν
443 568 479 611 τε
502 543 697 637 εἱμαρμένην
721 539 766 621 ῶς
789 538 902 610 ἀνισον
923 542 981 631 τὴν
1003 540 1104 631 νομήν
1125 568 1274 631 πεποιη-
1302 628 1305 639 .
1387 612 1388 639 η

234 652 334 736 μένην
351 650 407 713 καί
424 643 511 734 ήμάς
525 643 578 714 ότι
590 645 730 733 μηδενός
745 642 857 724 αῦτοῖς
870 645 1085 729 μεταδιδόναι
1098 642 1255 731 ἀξιοῦμεν
1260 677 1274 731 ,·
1387 644 1388 695 3

236 747 306 817 ἀλλ’
319 747 406 818 οἱδεν
422 748 550 831 ἐκεῖνος,
571 744 629 816 ἅτε
643 747 725 828 Ζεύς
739 745 793 829 ῶν,
813 745 891 838 παρ’
904 746 1044 816 οἷστισιν
1058 744 1078 836 ή
1093 744 1194 831 αἰτία,
1214 752 1273 816 καὶ
1349 762 1354 773 “

235 851 295 921 διὰ
312 860 411 920 τοῦτο
429 851 614 941 παρακούει
632 848 740 918 οῦτῶν
756 849 798 917 τὰ
812 851 932 918 πολλά.
961 853 1016 917 σοὶ
1029 851 1065 918 δέ
1080 846 1170 936 ὅμως
1184 849 1274 919 ἀπο·
1388 884 1389 925 3

237 955 461 1043 λογηοόμεθα,
482 954 620 1044 ἐπείπερ
639 949 750 1042 ’ἀρχεις
766 977 803 1041 γε
820 958 876 1020 νῦν
894 948 995 1039 ήμῶν.
1027 950 1123 1042 ήμεῖς
1135 953 1194 1038 μέν
1206 952 1271 1043 γὰρ

238 1054 373 1125 ἅπαντα
389 1055 456 1147 πρὸ
476 1054 664 1145 ὀφθαλμῶν
682 1056 837 1141 λαβόντες
856 1054 877 1122 ἀ
899 1060 1079 1145 γέγραφας,
1104 1052 1150 1135 ῶς
1171 1054 1276 1147 καλὸν
1328 1082 1335 1091 ·
1389 1060 1390 1113 λ

237 1159 425 1248 ἐπικουρεῖν
443 1157 512 1227 ἀπὸ
531 1162 664 1227 πολλῶν
681 1171 752 1237 τοῖς
771 1158 937 1241 δεομένοις
954 1160 1010 1223 καὶ
1028 1154 1074 1238 ῶς
1086 1153 1180 1245 ήδιον
1195 1183 1274 1226 συν-

236 1274 323 1331 εῖναι
343 1265 398 1329 καί
421 1268 683 1346 συνευωχεῖσθαι
708 1272 781 1340 τοῖς
806 1266 955 1348 πένησιν,
984 1257 1038 1327 ἀεὶ
1064 1260 1273 1346 διετελοῦμεν

238 1360 325 1432 ούτω
344 1372 517 1445 ποιοῦντες
536 1365 717 1433 ἰσοδίαιτοι
733 1369 958 1444 καθεστῶτες,
984 1359 1031 1442 ῶς
1054 1359 1094 1430 ἀν
1112 1363 1196 1450 μηδὲ
1212 1360 1273 1431 τὸν
1390 1366 1391 1387 ’

185 1491 219 1539 37
241 1469 412 1554 ἰσοδαίτην
435 1465 535 1536 αῦτὸν
553 1467 777 1535 αἰτιάσασθαί
792 1492 837 1533 τι.
874 1465 907 1533 οἱ
930 1466 966 1532 δὲ
988 1461 1108 1552 ὀλίγων
1131 1465 1164 1533 έν
1187 1462 1273 1554 ἀρχῇ

238 1571 376 1639 δεῖσθαι
394 1571 589 1659 φάσκοντες,
613 1567 794 1656 ἐπειδήπερ
814 1563 908 1650 ἅπαξ
929 1564 1042 1647 αῦτοῖς
1065 1565 1273 1635 ἀνεπετάσα-

237 1698 296 1757 μεν
317 1671 378 1751 τὰς
399 1672 521 1758 θύρας,
546 1668 604 1737 οῦκ
622 1667 754 1737 ἀύίεσαν
777 1667 861 1737 ἀλλα
885 1667 936 1737 ἀπ’
953 1666 1066 1752 ἀλλοις
1088 1669 1272 1751 αἰτοῦντες·
1391 1672 1392 1707 ³

237 1775 269 1841 εἰ
287 1773 384 1862 δὲμὴ
403 1774 513 1841 πάντα
531 1769 633 1852 εὐθὺς
649 1773 733 1859 μηδὲ
751 1771 837 1861 πρὸς
854 1772 935 1852 έπος
957 1773 1163 1857 λαμβάνοιεν,
1190 1769 1271 1862 ἀργή
1391 1782 1392 1785 ’

235 1878 293 1942 καί
310 1888 409 1961 μῖσος
426 1878 481 1943 καὶ
498 1875 672 1964 πρόχειροι
695 1874 732 1941 αἱ
751 1878 978 1964 βλασφημίαι·
1005 1871 1065 1943 κάν
1088 1876 1122 1943 εί
1139 1902 1173 1942 τι
1195 1875 1274 1944 ἐπι·
1313 1949 1317 1954 ,

237 1978 417 2065 ψεύδοιντο
439 1974 530 2066 ήμῖν,
560 1974 627 2043 ἀλλ’
644 1977 680 2045 οἱ
699 2002 736 2064 γε
762 1974 935 2056 ἀκούοντες
962 1976 1135 2045 ἐπίστευον
1158 1974 1198 2045 ἀν
1226 1974 1275 2059 ῶς
1392 1976 1393 2017 ³

239 2078 384 2170 ἀκριβῶς
401 2081 527 2148 εἰδόσιν
546 2080 580 2147 ἐκ
596 2086 656 2146 τοῦ
675 2085 909 2166 συγγεγονέναι.
947 2076 1033 2147 ῶστε
1057 2080 1149 2147 δυοῖν
1165 2079 1274 2147 θάτε-

236 2208 303 2268 ρον,
331 2180 352 2272 ἢ
373 2182 417 2271 μή
442 2184 577 2251 διδόντα
600 2181 720 2271 ἐχθρὸν
743 2180 827 2250 εἶναι
850 2184 983 2262 πάντως
1006 2182 1086 2263 έδει,
1117 2179 1138 2270 ἢ
1159 2183 1274 2251 πάντα

236 2291 432 2376 προϊέμενον
451 2282 568 2352 αὐτίκα
584 2286 674 2369 μάλα
692 2291 858 2353 πένεσθαι
875 2288 1008 2352 καὶτῶν
1022 2285 1201 2354 αἰτούντων
1214 2288 1272 2354 καὶ

185 2411 220 2460 88
239 2387 337 2458 οῦτὸν
355 2388 448 2457 εῖναι.
477 2388 591 2457 καὶτὰ
608 2390 667 2474 μέν
686 2387 770 2456 ἀλλα
786 2396 919 2478 μέτρια·
939 2389 1023 2458 ένδὲ
1035 2404 1108 2470 τοῖς
1122 2391 1272 2471 δείπνοις

238 2489 351 2572 αῦτοῖς
369 2490 589 2579 ἀμελήσαντες
610 2499 668 2559 τοῦ
691 2491 931 2577 ἐμπίπλασθαι
951 2496 1008 2560 καὶ
1029 2494 1273 2582 γαστρίζεσθαι

129 2590 131 2595 ’
238 2597 295 2661 καί
318 2590 426 2673 αῦτοὶ,
451 2592 586 2661 ἐπειδὰν
608 2596 709 2661 πλέον
730 2601 791 2662 τοῦ
816 2596 925 2662 ἱκανοῦ
948 2594 1121 2680 έμπίωσιν,
1145 2592 1168 2683 ή
1188 2622 1274 2664 παι-

238 2694 298 2776 δός
307 2693 432 2785 ῶραίου
445 2694 566 2782 μεταξὺ
578 2692 756 2777 ἀναδόντος
764 2696 803 2765 τό
818 2697 956 2782 ἔκπωμα
971 2697 1083 2779 ἐ’νυξον
1095 2696 1153 2787 τήν
1162 2711 1271 2789 χεῖρα,

236 2796 427 2886 ἢπαλλακή
449 2795 470 2886 ἢ
492 2805 615 2888 γαμετῇ
637 2802 764 2886 γυναικί
786 2798 1014 2888 ἐπεχείρησαν·
1041 2797 1113 2868 εἶτα
1134 2807 1273 2888 κατεμέ-

236 2926 353 2980 σαντες
365 2907 424 2968 τοῦ
440 2907 629 2986 συμποσίου
644 2899 678 2980 ἒς
689 2899 748 2989 τήν
761 2898 937 2991 ὑστεραίαν
951 2904 1179 2990 λοιδοροῦνται
1191 2900 1273 2992 ήμῖν

235 3002 466 3085 κατελθόντες,
491 2999 537 3084 ῶς
554 3003 719 3091 έδίψησαν
736 3007 792 3070 καὶ
810 3000 855 3083 ῶς
873 3006 959 3093 λιμῶ
978 3012 1120 3093 συνήσαν
1138 3007 1273 3094 διηγοῦ·
1393 2996 1394 3001 ¹

235 3130 339 3190 μενοι.
366 3109 422 3172 καὶ
439 3106 473 3173 εἱ
488 3131 543 3173 σοι
559 3112 665 3173 ταῦτα
681 3106 959 3194 καταψεύδεσθαι
974 3106 1087 3175 αῦτῶν
1100 3109 1270 3194 δοκοῦμεν,

236 3205 294 3276 τόν
311 3204 466 3296 ῦμέτερον
483 3209 670 3296 παράσιτον
688 3205 917 3297 ἀναμνήσθητι
933 3206 991 3277 τόν
1004 3207 1128 3293 Ἰξίονα,
1149 3211 1187 3292 ὃς
1200 3236 1273 3281 κοι-

235 3317 293 3398 νής
309 3304 473 3402 τραπέζης
491 3307 606 3396 ἀξίωμ’
622 3310 703 3394 έχων
721 3313 795 3380 ἰὀον
812 3308 902 3396 ύμῖν,
926 3319 966 3401 τῇ
980 3307 1063 3402 Ἦρα
1080 3316 1273 3398 μεθυσθείς

238 3412 400 3499 ἐπεχείρει
418 3411 436 3480 ό
454 3426 609 3500 γενναῖος.

186 3534 221 3585 39
295 3512 389 3583 Ταῦτ’
406 3514 476 3583 ἐστὶ
497 3518 552 3583 καί
574 3513 617 3583 τδι
638 3521 790 3598 τοιαῦτα,
813 3513 870 3605 ἀφ’
888 3508 934 3587 ὧν
955 3515 1050 3607 ἡμεῖς
1072 3517 1272 3604 ἐβουλευσά-

236 3623 330 3703 μοθα
339 3616 424 3708 πρὸς
432 3615 470 3686 τὸ
485 3616 613 3701 λοιπὸν,
630 3613 815 3706 ἀσφαλείας
827 3626 886 3708 τῆς
898 3617 1058 3710 ἡμετέρας
1072 3622 1172 3705 ἕνεκα,
1187 3648 1272 3711 μηκ-

237 3727 289 3790 έτι
310 3717 470 3806 ίπιβατὶιν
492 3716 605 3801 αῦτοῖς
631 3734 742 3790 ποιεῖν
768 3719 825 3810 τήν
852 3723 967 3793 οἰκίαν.
1013 3724 1044 3792 εἱ
1066 3725 1103 3793 δέ
1125 3724 1183 3794 ἐπὶ
1207 3731 1272 3795 σοῦ

236 3830 414 3892 συνθοῖντο
431 3828 573 3912 μετρίων
591 3824 784 3914 δεήσεσθαι,
804 3820 919 3916 ῶσπερ
932 3833 988 3896 νῦν
1002 3852 1097 3918 φασι,
1116 3829 1218 3916 μηδέν
1233 3829 1272 3897 δέ

234 3922 424 4014 ὑβριστικὸν
442 3924 475 3994 έν
492 3939 564 4008 τοῖς
577 3934 779 4013 συμποσίοις
792 3928 1006 4017 ἐργάσεσθαι,
1026 3932 1273 3999 κοινωνούντων

231 4021 314 4114 ήμῖν
326 4031 382 4096 καί
395 4030 673 4103 συνδειπνούντων
685 4034 764 4123 τύχῃ
778 4040 818 4124 τῇ
832 4031 955 4124 ἀγαθή.
979 4038 1108 4103 καὶτῶν
1119 4034 1272 4121 ἱματίων,
