2730 4584
355 222 522 279 Lxxvm.
547 222 568 260 ν
588 222 851 278 ΧΑΡΙΔΗΜΟΣ
873 224 897 279 1.
911 225 936 278 τ.
1099 210 1162 279 291

123 335 226 400 τοῦτο
252 324 348 416 ἀρκεῖ
366 340 439 408 τοῖς
460 329 588 408 παισὶν,
617 328 653 394 αἱ
678 324 799 416 ἡμέραι
819 335 878 397 τού
905 323 1163 417 αάτοκράτορος·

127 436 274 510 πλοῦτος
289 428 352 518 γὰρ
370 427 456 517 ἡμᾶς
475 427 535 498 ούκ
552 429 699 517 ἐκλείψει
715 433 773 497 καὶ
790 429 890 510 ἐθνος
906 426 993 518 ἡμᾶς
1011 428 1051 498 ού
1064 456 1165 499 κατα-

125 535 280 622 πτυήσει.
529 596 533 607 ,

57 639 62 645 ’
180 651 303 708 ΤΡΙΕΦ.
338 631 454 723 Κάγὼ,
479 626 659 721 ώΚριτία,
683 642 788 703 ταῦτα
810 638 1000 703 καταλείπω
1022 644 1095 714 τοῖς
1111 639 1166 703 τέ·
1258 716 1261 721 ,

126 765 230 820 κνοις,
250 734 297 817 ὡς
314 738 414 805 ἴδωσι
431 743 614 824 Βαβυλῶνα
633 735 818 827 δλλυμένην,
836 740 1008 825 Α’ίγοπτον
1027 739 1165 805 δουλου-

126 847 235 928 μένην,
258 839 301 908 τά
319 846 385 907 τών
401 848 540 927 Περσῶν
556 846 653 908 τέκνα
670 842 820 909 δούλειον
837 833 927 930 ἦμαρ
946 839 1081 929 ἀγοντα,
1104 839 1166 919 τὰς

22 936 26 941 “
128 940 290 1032 ἐκδρομὰς
303 949 369 1009 τῶν
382 951 524 1012 Σκυθῶν
537 950 736 1028 παυομένας,
758 942 815 1012 εἴτ’
832 935 889 1012 οὖν
906 946 961 1011 καλ
980 940 1166 1015 ἀνακοπτο-

126 1053 237 1134 μένας.
281 1042 377 1133 ἡμεῖς
400 1046 436 1112 δέ
457 1044 514 1114 τὸν
540 1045 573 1113 ἐν
592 1044 749 1134 Ἀθήναις
768 1044 944 1134 Ἅγνωστον
972 1045 1166 1134 ἐφευρόντες

125 1153 183 1217 καὶ
201 1147 483 1237 προσκυνήσαντες
499 1163 611 1237 χεῖρας
629 1151 676 1229 εἰς
692 1148 830 1239 ούρανὸν
844 1149 1040 1227 ἐκτείναντες
1056 1146 1165 1234 τούτῳ

128 1250 406 1342 εὖχαριστήσομεν
424 1248 471 1330 ώς
488 1255 750 1333 καταξιωθέντες
767 1253 922 1322 τοιούτου
943 1250 1086 1340 κράτους
1102 1246 1168 1317 ύπ-

126 1356 224 1443 ηκοοι
245 1358 416 1441 γενέσθαι,
444 1352 522 1434 τοὺς
546 1356 583 1421 δὲ
604 1353 745 1434 λοιποὺς
767 1358 876 1443 ληρεῖν
898 1351 1047 1437 ἐάσωμεν
1070 1349 1167 1439 ἀρκε-

130 1461 267 1535 σθέντες
292 1452 376 1545 ὑπὲρ
405 1453 512 1555 αύτών
535 1458 640 1525 εἰπεῖν
662 1455 701 1524 τὸ
727 1454 763 1525 ού
789 1459 924 1547 φροντίς
944 1453 1165 1543 Ἱπποκλείδῃ,

128 1557 214 1628 κατὰ
231 1557 290 1646 τὴν
307 1564 502 1647 παροιμίαν.

216 1808 572 1883 *ΧΑΡΙΔΗΜΟΣ
599 1817 636 1883 Η
662 1814 789 1883 ΠΕΡΙ
813 1814 1081 1883 ΚΑΛΛΟΥΣ.

182 1985 387 2041 ΕΡΜΙΠΠΟΣ.
427 1969 639 2057 Περιπάτους
666 1970 777 2053 ἐ’τυχον
801 1971 898 2053 χθὲς,
928 1961 955 2035 ὦ
983 1969 1201 2057 Χαρίδημε,1

100 2080 102 2089 ’
131 2073 333 2157 ποιούμενος
350 2072 384 2138 ἐν
400 2078 448 2157 τῷ
466 2077 656 2158 προαστείῳ
676 2068 747 2155 άμα
764 2073 823 2156 μὲν
839 2074 895 2138 καὶ
916 2078 975 2158 τῆς
992 2068 1085 2160 παρὰ
1103 2077 1169 2137 τών

133 2174 241 2263 ἀγρῶν
260 2175 358 2259 χάριν
379 2174 562 2264 ῥᾳστώνης,
586 2169 656 2258 άμα
680 2175 716 2240 δέ
734 2213 776 2224 -
799 2172 910 2256 ἐ’τυχον
932 2174 994 2261 γάρ
1017 2199 1051 2239 τι
1071 2175 1168 2257 μελε-

132 2284 199 2346 τών
216 2317 258 2327 -
275 2279 330 2344 καὶ
349 2276 504 2360 δεόμενος
520 2273 666 2364 ἡσυχίας.
695 2274 875 2363 ἐντυγχάνω
895 2271 934 2362 δὴ
949 2277 1101 2362 Προξένῳ
1120 2282 1172 2362 τῴ

129 2375 358 2469 Ἐπικράτους·
377 2377 571 2467 προσειπών
582 2379 626 2459 δὲ,
644 2374 758 2467 ὥσπερ
774 2378 920 2459 εἰώθειν,
935 2373 1073 2465 ἠρώτων
1087 2372 1169 2447 ὅθεν
1200 2372 1209 2391 '

131 2507 169 2551 τε
184 2484 365 2568 πορεύοιτο
382 2483 439 2547 καὶ
457 2478 544 2549 όποι
555 2481 698 2567 βαδίζοι.
735 2477 754 2549 ό
778 2482 814 2548 δὲ
836 2476 926 2568 ἥκειν
947 2480 1006 2564 μὲν
1031 2477 1095 2569 ἐφη
1113 2482 1170 2547 καί

132 2582 233 2666 αὐτὸς
260 2585 328 2653 ἐκεῖ
352 2590 573 2675 παραμυθίας
598 2584 709 2671 χάριν,
737 2577 824 2674 ἥπερ
851 2583 973 2652 είώθει
999 2581 1087 2667 πρὸς
1112 2580 1171 2670 τὴν

133 2685 217 2775 όψιν
233 2694 408 2777 γίγνεσθαι
425 2696 492 2756 τών
514 2685 633 2776 ἀγρών,
658 2684 859 2754 ἀπολαύσων
883 2687 919 2754 δέ
940 2688 1000 2753 καὶ
1018 2691 1076 2772 τῆς
1093 2684 1172 2752 τού-

133 2817 211 2871 τους
229 2791 452 2878 ἐπιπνεούσης
470 2788 628 2876 εύκράτου
646 2790 702 2856 καλ
720 2789 847 2879 κούφης
865 2787 977 2877 αύρας,
999 2784 1069 2854 ἀπὸ
1088 2811 1172 2872 συμ-

131 2900 257 2962 ποσίου
279 2900 393 2979 μέντοι
415 2896 590 2961 καλλίστου
618 2893 791 2980 γεγονότος
820 2890 855 2961 ἐν,
874 2901 1028 2981 Πειραιεῖ
1052 2889 1086 2957 ἐν
1104 2885 1172 2958 Ἅν-

135 2998 309 3085 δροκλέους
332 3003 391 3063 τού
411 2994 606 3084 Ἐπιχάρους
628 2995 670 3063 τὰ
694 2994 840 3064 ἐπινίκια
862 2994 1045 3074 τεθυκότος
1062 2990 1170 3083 Ἑρμῇ,

135 3095 189 3167 ότι
212 3098 252 3185 δη
273 3101 403 3183 βιβλίον
427 3096 755 3185 άναγνοὺςένίκησεν
782 3098 815 3165 ἐν
838 3103 1002 3175 Διασίοις.
1047 3095 1205 3185 ἐφασκεκ

83 3248 92 3261 .
136 3201 173 3267 δέ
195 3196 280 3266 ἀλλα
302 3225 338 3267 τε
359 3198 469 3268 πολλὰ
490 3205 690 3288 γεγενῆσθαι
713 3196 831 3266 ἀστεῖα
852 3202 908 3267 καί
926 3204 1094 3287 χαρίεντα,
1117 3201 1173 3264 καλ

137 3302 176 3392 δὴ
194 3306 250 3371 καί
267 3305 407 3384 κάλλους
425 3303 570 3391 ἐγκώμια
589 3302 748 3390 εἰρῆσθαι
764 3314 837 3381 τοῖς
856 3298 1023 3392 ἀνδράσιν,
1049 3300 1070 3366 ἀ
1091 3298 1174 3367 ἐκεῖ·

54 3488 60 3497 ,
135 3433 191 3475 νον
208 3410 267 3493 μὲν
284 3407 329 3498 μὴ
349 3408 517 3477 δύνασθαι
531 3405 637 3473 εἰπεῖν
650 3402 719 3473 ύπό
733 3430 769 3472 τε
782 3405 891 3496 γήρως
904 3403 1169 3491 ἐπιλελησμένον,

138 3505 246 3590 άλλως
272 3538 308 3579 τε
336 3514 448 3587 δὲκαὶ
472 3508 530 3580 οὐκ
552 3508 611 3577 ἐπὶ
633 3507 719 3577 πολὺ
743 3508 849 3596 λόγων
868 3507 1105 3596 μετεσχηκότα,
1135 3506 1173 3573 σὲ

138 3608 170 3676 δ’
191 3607 229 3677 ἀν
256 3614 379 3700 ῥηιδίως
405 3616 512 3682 εἰπεῖν
539 3611 597 3681 άτε
624 3616 680 3680 καλ
702 3601 1092 3699 αὗτδν’ἐγκεκωμιακότα
1117 3610 1174 3673 καὶ

100 3794 106 3805 ¹
137 3725 210 3792 τοῖς
236 3709 348 3794 ἀλλοις
369 3714 447 3806 παρ’
463 3713 540 3783 ὅλον
565 3714 605 3783 τὸ
629 3715 819 3800 συμπόσιον
844 3711 1095 3800 προσεσχηκότα
1115 3706 1175 3778 τὸν

138 3842 225 3885 νουν.
1002 3851 1004 3855 ·

190 3934 425 3992 ΧΑΡΙΔΗΜΟΣ.
450 3926 568 4008 Γέγονε
584 3926 699 4001 ταῦτα,
721 3910 748 3986 ὦ
759 3914 937 4006 αΕρμιππε,
958 3912 998 3987 ού
1010 3922 1125 4003 μέντοι
1137 3941 1174 4004 γε

138 4020 212 4094 οὐδ’
229 4025 303 4111 ἐμοὶ
320 4025 436 4115 ῥᾴδιον
455 4022 506 4093 ἐπ’
522 4020 692 4111 ἀκριβείας
711 4018 844 4093 ἅπαντα
862 4023 1031 4177 διιξιηίηηιι·
1054 4018 1093 4088 οὗ
1110 4016 1173 4110 γὰρ
1255 4050 1260 4055 ·
