2782 4574
428 232 537 290 Lxffi
562 234 782 291 ΔΡΑΠΕΤΑῙ
804 236 925 294 13-18.
1128 227 1194 294 179

153 343 361 426 ἀκοντρςτοό
371 338 546 422 δεσπότου,
562 337 621 407 κάν
635 339 665 407 εδ
677 341 835 426 βοόλοιτο
846 340 998 430 ἀπάγειν,
1013 352 1193 431 παταχθη-

153 449 298 531 σομένου
311 448 361 530 τῷ
374 442 471 529 ξύλῳ.
492 440 603 511 καὶτὰ
616 439 742 532 ἀλφιτα
751 439 853 510 οὕνεκ’
865 442 961 532 ὀλίγα
974 441 1051 512 οὐδὲ
1064 442 1110 526 ῶς
1122 445 1192 536 πρὸ

155 545 317 632 τοῦ-μάζα
329 542 425 633 ψιλὴ,
439 542 478 612 τὸ
493 546 530 613 δὲ
543 536 631 633 ὄψον
647 542 686 613 οδ
700 545 835 639 τάριχος
846 542 868 634 ἢ
881 547 1000 632 θόμον,
1016 543 1100 614 ἀλλὰ
1112 553 1191 638 κρέα

28 665 36 671 ’
154 644 359 719 παντοδαπὰ
375 643 538 728 καλοίνυς
556 644 627 729 σίας
638 644 782 737 ἥδιστος,
802 651 858 716 καὶ
867 655 1003 736 χρυσίον
1020 647 1099 739 παρ’
1110 647 1191 719 ὅτου

155 750 197 821 ἀν
214 750 376 819 ἐθέλωσι·
395 751 640 838 δασμολογοῦσι
656 749 718 842 γὰρ
733 750 972 841 ἐπιφοιτῶντες
983 749 1015 841 ἢ,
1035 750 1081 832 ῶς
1095 749 1192 821 αάτοί

156 878 269 946 φασιν,
289 849 508 941 ἀποκείρουσι
522 851 566 921 τά
578 854 733 943 πρόβατα
747 853 866 924 δῶσειν
883 880 920 923 τε
937 853 1084 934 πολλοὺς
1102 855 1191 923 σίου-

155 983 213 1026 ται
230 952 252 1045 ἢ
272 955 365 1023 αἰδοῖ
381 961 441 1022 τοῦ
460 956 625 1044 σχήματος
642 952 664 1045 ἢ
686 958 755 1025 δέει
771 963 831 1025 τοῦ
848 955 893 1046 μὴ
913 956 1189 1038 ἀκοῦσαίκακῶς.

68 1086 75 1089 ·
155 1057 292 1146 καὶγὰρ
311 1048 353 1124 αό
374 1054 503 1126 κάκεῖνο
526 1057 647 1148 ἑώρων,
672 1056 779 1144 οἶμαι,
804 1056 851 1139 ῶς
873 1058 910 1141 ἐξ
929 1060 1005 1128 ἰ’σου
1028 1059 1190 1148 κακαστή-
1209 1079 1242 1129 15

156 1186 273 1230 σονται
294 1172 365 1240 τοῖς
392 1156 506 1250 ὀρθῶς
533 1164 790 1250 φιλοσοφοῦσιν,
828 1158 905 1228 οόδέ
926 1188 977 1242 τις
999 1161 1016 1230 ό
1047 1163 1190 1231 δικάσων

136 1266 211 1331 ’καὶ
238 1264 410 1351 διακρινῶν
435 1260 478 1330 τά
504 1269 643 1331 τοιαῦτα
669 1263 775 1345 ἐ’σται,
806 1260 847 1351 ἢν
876 1264 977 1348 μόνον
1006 1262 1049 1331 τὰ
1080 1264 1142 1345 ἐξω
1168 1254 1191 1353 ᾖ

155 1363 274 1452 ὅμοια·
302 1362 402 1453 ἀρχὴν
418 1363 481 1454 γάρ
505 1362 582 1431 οὐδὲ
602 1362 660 1432 τὸν
678 1365 805 1452 ἐλιγχον
828 1366 991 1448 δέχονται,
1016 1362 1054 1453 ἢν
1077 1365 1191 1453 ἐ’ρηταί

153 1495 207 1548 τις
224 1465 348 1536 σότωσὶ
364 1472 509 1551 κοσμίως
522 1469 578 1534 καὶ
591 1463 675 1534 κατὰ
686 1466 800 1556 βραχὺ,
820 1464 889 1534 ἀλλ’
901 1464 1004 1546 εὐθὺς
1015 1473 1123 1552 βοῶσι
1135 1470 1191 1534 καί

155 1570 215 1640 ἀπὶ
230 1569 289 1658 τὴν
307 1567 487 1659 ἀκρόπολιν
499 1568 557 1658 τὴν
572 1568 696 1638 ἑαυτῶν
713 1566 937 1659 ἀναφεύγουσι
951 1569 1008 1658 τὴν
1021 1570 1191 1658 λοιδορίαν

153 1673 410 1761 καὶιπρόχειρον
431 1671 469 1740 τὸ
494 1673 599 1753 ξύλον.
644 1675 700 1739 καὶ
722 1668 760 1759 ἢν
781 1674 840 1757 μέν
857 1670 899 1740 τά
922 1671 1001 1762 ἐργα
1024 1673 1132 1760 ζητῇς,
1158 1671 1192 1739 οἱ
1253 1728 1255 1735 .

154 1775 252 1862 λόγοι
273 1777 407 1856 πολλοὶ,
429 1770 469 1862 ἢν
488 1775 524 1841 δέ
541 1771 611 1843 ἀπὸ
629 1781 695 1842 τῶν
713 1775 819 1862 λόγων
835 1782 954 1865 κρίνειν
976 1774 1109 1863 ἐθέλῃς,
1133 1768 1190 1841 τὸν

153 1885 230 1964 βίον
254 1874 386 1958 ἀξιοῦσι
408 1889 553 1945 σκοπεῖν.
597 1884 771 1967 τοιγαροῦν
794 1877 1026 1965 ἐμπέπλησται
1047 1883 1144 1945 πάσα
1168 1873 1188 1963 ἡ
1209 1898 1241 1949 16

154 1979 336 2064 πόλιςτῇς
357 1980 512 2066 τοιαύτης
534 1980 758 2069 ῥᾳδιουργίας,
781 1983 838 2047 καί
858 1980 1004 2064 μάλιστα
1025 1987 1092 2048 τῶν
1110 1991 1191 2046 Διο-

156 2086 250 2170 γένην
272 2085 328 2148 καὶ
345 2078 552 2169 Ἀντισθένην
578 2084 634 2148 καὶ
655 2082 810 2169 Κράτητα
836 2081 1110 2172 ἐπιγραφομένων
1135 2084 1192 2147 καὶ

154 2181 224 2252 ἀπὸ
242 2190 290 2271 τῷ
307 2186 377 2252 κυνὶ
394 2187 610 2268 ταττομένων,
635 2187 670 2250 οἳ
685 2182 724 2250 τὸ
742 2185 801 2268 μὲν
816 2184 975 2273 χρήσιμον
994 2182 1122 2253 όπόσον
1141 2183 1191 2251 ἐὐ-

155 2310 228 2355 εστι
246 2293 285 2374 τῇ
304 2286 405 2375 φύσει
421 2293 487 2353 τῶν
504 2290 616 2367 κυνῶν,
640 2284 767 2353 οῖον-τὸ
786 2283 985 2374 φυλακτικὸν
1006 2282 1028 2374 ἢ
1047 2286 1192 2373 οἰκουρι-

155 2387 214 2456 κὸν
232 2385 253 2476 ἢ
271 2388 515 2477 φιλοδέόποτον
537 2384 780 2476 ἢμνημσνικὸν,
805 2385 960 2474 οὐδαμῶς
982 2388 1189 2476 ἐζηλώκασιν,

155 2488 279 2579 ὑλακὴν
298 2492 334 2558 δέ
351 2494 407 2558 καὶ
424 2493 563 2573 λιχνείαν
581 2493 636 2558 καὶ
654 2487 805 2579 ἁρπαγὴν
822 2494 879 2558 καὶ
892 2489 1076 2583 ἀφροδίσια
1089 2488 1191 2573 συχνά

155 2596 214 2661 καί
235 2596 405 2661 κολακείαν
427 2591 543 2660 καὶτὸ
566 2598 690 2662 σαίνειν
712 2592 769 2661 τὸν
787 2594 922 2662 διδόντα
939 2599 994 2662 καὶ
1016 2596 1095 2681 περὶ
1112 2618 1191 2682 τρα-
1240 2628 1253 2639 ·

155 2696 267 2779 πέζας
280 2696 371 2779 ἔχειν,
390 2701 495 2762 ταῦτα
513 2692 658 2785 ἀκριβῶς
676 2694 946 2784 ἐκπεπονήκασιν.

203 2795 299 2886 ’δίψει
318 2798 427 2867 τοίνυν
448 2797 532 2884 μετὰ
557 2795 672 2885 μικρὸν
699 2796 755 2865 οία
781 2798 889 2867 ἐσται·
917 2798 950 2866 σί
975 2797 1038 2887 γὰρ
1066 2796 1100 2864 ἐκ
1125 2800 1191 2864 τῶν
1210 2817 1243 2864 17

158 2902 382 2991 ἐργαστηρίων
400 2897 545 2979 ἅπαντες
562 2898 832 2988 ἀναπηδήσαντες
842 2900 985 2989 ἐρήμους
1002 2899 1063 2980 τάς
1079 2905 1193 2984 τέχνας

158 3005 326 3084 ἐάσουσιν,
347 2999 425 3071 όταν
444 2999 550 3090 δρῶσι
567 3009 656 3090 σφᾶς
672 3004 732 3088 μὲν
750 3009 931 3083 πονοῦντας
943 3006 999 3070 καί
1011 3004 1193 3088 κάμνοντας

159 3107 269 3176 ἕωθεν
278 3106 325 3186 είς
334 3105 476 3195 ἑσπέραν
490 3103 731 3194 ἐπικεκυφότας
738 3117 810 3183 τοῖς
820 3104 927 3193 ἐργοις
935 3108 991 3172 καὶ
999 3106 1096 3192 μόγις
1106 3102 1194 3172 ἀπο-

158 3210 285 3292 ζῶντας
304 3208 338 3276 ἐκ
354 3214 414 3296 τῆς
430 3208 587 3295 τοιαύτης
603 3212 821 3295 μισθαρνίας,
844 3204 966 3294 ἀργοὺς
989 3208 1025 3273 δέ
1042 3209 1098 3273 καὶ
1114 3208 1193 3292 γόη-

158 3338 222 3392 τας
239 3309 443 3401 ἀνθρώπως
460 3308 493 3379 δν
511 3305 637 3378 ἅπασιν
656 3305 823 3398 ἀφθόνοις
840 3314 1003 3394 βιοῦντας,
1024 3308 1195 3387 αἰτοῦντας

159 3416 222 3504 μὲν
238 3420 449 3503 τυραννικῶς,
469 3413 694 3500 λαμβάνοντας
713 3413 749 3480 δέ
765 3418 958 3501 προχείρως,
979 3402 1195 3498 ἀγανακτοῦν-

158 3544 223 3599 τας
236 3518 281 3600 δέ,
298 3517 328 3584 εί
340 3514 385 3605 μὴ
398 3517 540 3602 λάβοιεν,
561 3512 849 3595 ου’κέπαινοόντας
860 3515 908 3597 δὲ,
925 3511 996 3582 οὐδ’
1009 3514 1039 3582 εί
1052 3514 1194 3599 λάβοιεν.

50 3622 54 3625 ’
161 3627 268 3689 ταῦτα
296 3618 314 3688 ὁ
338 3618 396 3688 ἐπὶ
416 3619 542 3709 Κρόνου
565 3624 639 3704 βίος
662 3619 752 3686 δοκεῖ
778 3614 890 3697 αὐτοῖς
915 3620 972 3684 καί
993 3613 1135 3699 ἀτεχνῶς
1155 3613 1194 3680 τό
1223 3663 1231 3669 -

161 3726 240 3812 μέλι
265 3720 347 3791 αότὸ
375 3721 408 3802 ἐς
433 3719 476 3788 τά
498 3722 647 3806 στόματα
670 3720 776 3811 ἐσρεῖν
803 3719 837 3787 ἐκ
862 3726 922 3788 τοῦ
949 3716 1099 3803 οὐρανοῦ.
1139 3717 1195 3784 καί
1214 3735 1246 3785 18

162 3817 263 3917 ἧττον
286 3823 325 3895 ἀν
347 3821 453 3893 δεινὸν
474 3821 513 3890 τὸ
531 3829 669 3912 πρᾶγμα
690 3815 738 3910 ἦν,
763 3821 794 3888 εί
814 3827 961 3889 τοιοῦτοι
983 3815 1074 3898 ὄντες
1094 3818 1196 3906 μηδὲν

163 3930 215 4010 είς
232 3927 317 4018 ἡμᾶς
336 3925 416 3997 άλλο
434 3927 610 4016 ἐξύβριζον.
639 3925 671 3992 οἱ
689 3926 725 3992 δὲ
742 3923 833 4009 μάλα
846 3926 959 4009 σεμνοὶ
972 3923 1028 3989 καὶ
1042 3927 1196 4008 σκυθρω-

162 4031 284 4103 πολιὰ
297 4033 359 4116 ἔξω
372 4029 483 4101 καὶτὰ
500 4029 645 4119 δημόσια
659 4027 862 4120 φαινόμενοι,
881 4023 921 4115 ἢν
934 4024 1058 4183 παρδὸς
1071 4021 1195 4113 ῶραίου

974 4130 987 4183 l
1013 4132 1026 4162 U
