2782 4574
331 201 436 259 LXVI.
461 200 633 261 IIAOION
652 202 681 260 H
700 203 836 261 m'xAI
855 204 977 262 89-44.
1107 195 1170 261 127

136 307 317 390 παύονται,
336 305 449 375 καὶτὸ
465 313 550 395 μέγα
567 304 672 396 όνομα
688 310 799 378 πάντα
814 308 884 396 μετ’
900 307 1010 399 ἀλίγον
1027 308 1172 402 ἀπορρεῖ

136 413 194 499 καὶ
210 401 346 479 ἀπἐισιν
363 407 579 496 ἀμελούμενα.
605 410 646 501 ἢν
660 414 696 481 δέ
707 416 768 481 καὶ
781 409 834 482 ότι
846 412 992 499 μάλιστα
1004 412 1063 482 ἐπὶ
1074 418 1173 483 πλεί-

138 537 217 585 στον
233 521 420 604 παραμείνῃ
425 565 435 597 ,
457 519 510 593 τίς
527 513 584 583 ἀι·
594 512 780 596 ἀπόλαυσις
798 514 992 606 ἀναισθήτῳ
1011 514 1100 606 αύτῷ
1117 542 1171 606 γετ

139 622 283 706 νομένας
301 614 381 707 δρᾷς
398 615 456 685 οἶα
471 618 532 702 μέν
550 616 599 686 ἀι
612 619 676 701 ζῶν
690 618 773 702 ἕξεις
790 619 970 709 πράγματα
984 618 1102 700 δεδιὼς
1114 624 1171 688 καί

138 720 321 812 φροντίζων
342 722 399 788 καὶ
419 720 559 805 κάμνων,
584 718 640 790 ola
663 722 699 789 δέ
720 724 775 789 καὶ
792 719 876 806 μετὰ
896 719 955 809 τῆν
977 718 1169 812 ἀπαλλαγὴν

139 823 244 893 ἐσται.
277 819 346 890 ἀλλ’
361 819 423 912 ἤδη
441 821 500 891 σὸν
518 823 630 906 αίτείν,
654 814 682 890 ὦ
703 824 859 909 Τιμόλαε,
882 827 938 891 καὶ
956 820 1050 904 ὅπως
1067 820 1169 911 ἀπερ-
1186 843 1219 896 41

137 929 224 1014 βαλῇ
241 925 392 1007 τούτους,
416 920 531 1016 ὥσπερ
549 923 636 1006 εἰκὸς
653 922 757 1014 ἀνδρα
775 925 906 996 συνετὸν
923 928 979 994 καὶ
995 927 1170 1015 πράγμασι

136 1033 287 1117 χρῆσθαι
304 1026 429 1099 εἰδότα.

189 1146 269 1201 ΤΙΜ.
303 1130 430 1198 Σκόπει
447 1136 533 1218 γοῦν,
553 1121 581 1198 ὦ
597 1141 731 1213 Λυκῖνε,
755 1132 789 1199 εἴ
801 1158 836 1199 τι
855 1130 1059 1218 ἐπιλήψιμα
1079 1127 1171 1214 εύξο-

137 1258 200 1319 μαι
216 1234 273 1301 καὶ
297 1224 369 1300 ότι
391 1229 433 1300 ἀν
454 1228 593 1325 εάθύναί
611 1260 663 1314 τις
684 1236 852 1323 δυνηθείη.
890 1231 1010 1324 χρυσόν
1031 1235 1091 1320 μὲν
1114 1225 1169 1302 σύν

137 1337 194 1403 καὶ
210 1333 405 1424 θησαυρούς
420 1338 476 1402 καὶ
491 1337 668 1421 μεδίμνους
683 1341 886 1421 νομίσματος
898 1333 919 1424 ἢ
931 1338 1102 1421 βασιλείας
1114 1339 1170 1403 καὶ

138 1441 307 1522 πολέμους
319 1441 375 1504 καὶ
389 1438 528 1522 δείματα
537 1436 622 1527 ύπέρ
634 1445 693 1526 τῆς
705 1435 813 1526 ἀρχῆς,
830 1437 996 1517 ἀείκότως
1004 1438 1168 1530 διέβαλες,

139 1536 197 1610 οάκ
219 1540 414 1629 αἰτήσομαι·
441 1538 583 1626 ἀβέβαια
608 1538 671 1631 γάρ
692 1541 797 1609 ταῦτά
818 1565 855 1628 γε
879 1544 936 1608 καὶ
961 1537 1088 1620 πολλὰς
1109 1538 1170 1620 τὰς

139 1641 320 1728 ἐπιβουλάς
338 1643 452 1726 ’έχοντα
468 1647 523 1710 καί
541 1645 642 1711 πλέον
657 1649 718 1712 τοῦ
735 1639 832 1732 ῆδέος
848 1642 887 1712 τὸ
907 1639 1041 1732 ἀνιαρὸν
1059 1641 1091 1710 ἐν
1110 1638 1170 1709 αό-

136 1757 210 1825 τοῖς
226 1736 273 1832 ῆν.
301 1744 365 1833 ἐγὼ
384 1746 421 1813 δέ
437 1747 602 1831 βούλομαι
618 1744 676 1815 τὸν
691 1743 806 1833 Ἑρμῆν
825 1744 997 1831 ἐντυχόντα
1013 1771 1073 1831 μοι
1091 1746 1219 1814 δοῦ-[42

137 1853 193 1916 ναί
217 1873 309 1928 τινας
341 1848 533 1928 δακτυλίους
563 1850 733 1929 τοιούτους
758 1846 816 1936 τὴν
847 1849 996 1933 δύναμιν,
1029 1847 1085 1916 ἕνα
1109 1850 1171 1934 μέν

139 1945 225 2018 ὥστε
243 1946 297 2017 ἀεὶ
320 1948 568 2039 ἐρρῶσθαικαί
589 1948 745 2041 ὑγιαίνειν
766 1948 805 2019 τὸ
825 1958 922 2035 σῶμα
943 1953 1000 2018 καὶ
1023 1947 1170 2041 άτρωτον

138 2049 296 2121 εἶναικαὶ
313 2049 448 2140 ἀπαθῆ,
473 2053 582 2140 ἕτερον
601 2054 637 2121 δέ
654 2051 701 2134 ὥς
716 2051 762 2140 μὴ
785 2048 935 2142 ὁρᾶσθαι
954 2051 1012 2119 τὸν
1029 2059 1171 2141 περιθέ-

136 2181 243 2240 μενον,
265 2153 335 2235 οἶος
352 2146 391 2244 ἦν
408 2152 426 2224 ὅ
444 2163 503 2225 τοῦ
521 2156 643 2243 Γύγου,
661 2154 719 2222 τὸν
738 2155 775 2221 δέ
791 2179 865 2223 τινα
883 2150 929 2233 ὡς
947 2152 1067 2236 ἰσχύειν
1084 2150 1170 2243 ύπέρ

138 2254 260 2346 ἀνδρας
280 2264 418 2347 μυρίους
439 2262 495 2325 καὶ
518 2254 538 2327 ό
558 2285 593 2326 τι
615 2255 654 2326 ἀν
677 2252 783 2340 ἀχθος
806 2251 876 2340 ἀμα
900 2260 1015 2343 μυρίοι
1040 2261 1172 2343 κινῆσαι
1199 2267 1201 2271 ’
1284 2252 1288 2261 “

136 2360 236 2445 μόλις
258 2360 422 2443 δύναιντο,
449 2367 548 2429 τοῦτο
571 2359 628 2446 ἐμὲ
655 2361 779 2450 ῥᾳδίως
803 2359 904 2445 μόνον
926 2357 1169 2428 ἀνατίθεσθαι·

138 2461 188 2531 ’ἐτι
206 2464 242 2530 δὲ
259 2466 315 2529 καί
333 2468 500 2532 πέτεσθαι
512 2461 598 2532 πολὺ
614 2459 684 2531 ἀπὸ
697 2469 756 2551 τῆς
768 2469 827 2552 γῆς
841 2459 997 2553 ἀρθέντα,
1016 2459 1172 2553 καὶπρὸς

137 2570 237 2632 τοῦτο
261 2562 347 2633 εἶναι’
366 2591 425 2651 μοι
447 2567 619 2635 δακτύλιόν
640 2592 724 2634 τινα.
760 2570 816 2633 καὶ
836 2564 900 2655 μὴν
920 2568 974 2633 καὶ
999 2565 1046 2645 εἷς
1066 2561 1170 2634 άπνον

137 2674 313 2736 κατασπᾶν
332 2663 479 2749 ὁπόσους
501 2666 541 2736 ἀν
564 2668 671 2736 ἐθέλω
693 2671 750 2736 καί
768 2664 903 2737 ἅπασαν
924 2666 1033 2756 θύραν
1050 2692 1171 2754 προσι-

138 2770 210 2839 όντι
234 2796 294 2856 μοι
321 2768 517 2858 ἀνοίγεσθαι
539 2774 730 2857 χαλωμένου
757 2777 814 2838 τοῦ
833 2773 1001 2856 κλείθρου
1027 2772 1083 2837 καλ
1110 2777 1170 2837 τοῦ

135 2876 262 2959 μοχλοῦ
289 2870 548 2962 ἀφαιρουμένου,
580 2880 684 2942 ταῦτα
715 2871 889 2961 ἀμφότερα
919 2871 967 2953 εἷς
998 2873 1170 2953 δακτύλιος

138 2977 310 3048 δυνάσθω.
348 2975 387 3045 τὸ
411 2978 447 3045 δέ
468 2982 621 3065 μέγιστον
644 2972 743 3055 ἀλλος
765 3000 816 3054 τις
839 2974 922 3042 ἐσιω
946 2973 1004 3043 ἐπὶ
1025 2982 1128 3044 πᾶσιν
1149 2973 1168 3043 ό
1187 2998 1222 3045 ιε

135 3075 288 3168 ἥδιστος,
317 3076 362 3160 ὥς
385 3080 542 3169 ἐράσμιον
565 3076 650 3147 εέναί
669 3104 713 3163 με
734 3082 954 3163 περιθέμενον
976 3082 1077 3146 παισί
1099 3091 1172 3157 τοῖς

138 3179 278 3272 ὡραίοις
299 3186 355 3249 καὶ
376 3185 504 3270 γυναιξί
525 3184 581 3248 καὶ
604 3181 721 3269 δῆμοις
743 3176 834 3259 όλοις
855 3182 911 3246 καὶ
936 3181 1061 3267 μηδένα
1086 3177 1171 3248 εἶναι

137 3282 318 3371 ἀνέραστον
334 3289 390 3353 καὶ
408 3281 475 3373 ὅτῳ
492 3281 537 3373 μὴ
556 3283 799 3362 ποθεινότατος
818 3280 880 3368 ἐγὼ
898 3285 954 3348 καί
971 3279 1034 3349 ἀνὰ
1052 3282 1169 3368 στόμα,

138 3383 227 3457 ὥστε
244 3388 371 3469 πολλὰς
387 3398 541 3476 γυναῖκας
559 3384 597 3456 οά
617 3386 784 3477 φερούσας
800 3382 858 3453 τὸν
876 3383 983 3472 ἔρωτα
999 3387 1055 3452 καὶ
1073 3381 1174 3472 ἀνορ-
1244 3463 1249 3473 ⁴

135 3498 199 3561 τάν
216 3490 335 3573 όαυτάς
352 3490 467 3560 καὶτὰ
482 3492 639 3578 μειράκια
657 3489 890 3577 ἐπιμεμηνέναι
910 3514 970 3574 μοι
986 3492 1042 3556 καί
1060 3485 1171 3556 εάδαί-

136 3620 225 3681 μονα
239 3592 324 3663 εἶναι
338 3596 453 3678 δοκεῖν,
473 3596 506 3663 εἴ
516 3621 590 3663 τινα
602 3597 658 3662 καί
670 3595 771 3679 μόνον
784 3596 1039 3680 προσβλέψαιμι
1052 3588 1170 3671 αάτιύν,

138 3697 171 3767 el
197 3696 229 3766 δ’
244 3695 451 3790 ὑπερορῴην,
478 3697 609 3767 κάκεῖνα
635 3695 703 3765 ἀπὸ
731 3697 838 3783 λύπης
865 3694 1081 3764 ἀπολλύσθω.
1116 3694 1172 3758 καὶ

138 3797 227 3883 ὅλως
244 3799 329 3891 ύπέρ
346 3800 403 3871 τὸν
416 3800 583 3871 Ὑάκινθον
601 3795 725 3888 ἢὙλαν
742 3795 763 3885 ἢ
780 3799 899 3867 Φάωνα
915 3796 973 3865 τὸν
986 3805 1070 3863 Χῖον
1087 3788 1172 3861 εἷναί

137 3930 192 3993 με.
232 3908 289 3974 καλ
309 3914 414 3975 ταῦτα
435 3905 546 3974 πάντα
568 3904 650 3987 ’ἐχειν
671 3900 716 3991 μῆ
740 3899 961 3989 ὀλιγοχρόνιον
984 3896 1063 3967 ἀντα
1087 3897 1170 3985 μηδὲ
1187 3918 1222 3973 ιι
1251 3896 1260 3904 Χ

138 4007 226 4076 κατὰ
241 4015 360 4100 μέτρον
375 4012 480 4094 ζῶντα
491 4017 551 4104 τῆς
564 4005 779 4098 ἀνθρωπίνης
789 4010 913 4094 βιοτῆς,
933 3999 1002 4071 ἀλλ’
1015 4000 1068 4090 ἐτη
1080 4002 1172 4085 χίλια
