2782 4574
245 227 289 293 80
479 280 484 289 .
630 235 890 291 ΔΟΥΚῙΑΝΟΥ

246 341 312 413 ἀπὸ
326 342 387 410 σοῦ
401 341 504 411 ἐκεῖνο
517 343 611 428 λέγω,
631 335 715 426 ὅπερ
730 337 967 428 ἀληθέστατον,
987 336 1034 419 ῶς
1048 335 1106 406 οόκ
1120 336 1160 408 ἀν
1174 339 1283 410 ἐθαό-

162 516 166 523 ,
244 446 356 531 μαζον,
383 445 414 512 εἰ
430 443 472 512 τὰ
488 443 609 532 πρῶτά
627 467 687 511 σου
709 439 839 532 ᾔδεσαν.
876 448 986 510 καίτοι
1002 441 1113 510 καινὸν
1131 441 1282 512 ἐνταῦθα

244 545 356 616 καὶτὸ
375 546 461 636 πρὸς
477 545 539 636 τὰς
555 559 709 634 γυναῖκας
727 551 953 634 προσέμαθες.

193 674 227 723 23
298 648 341 720 Οό
360 653 439 735 περὶ
455 650 548 718 πόδα
570 641 627 718 σόν
648 656 696 738 τῷ
717 648 875 735 τοιούτῳ,
900 649 975 716 εἰπέ
995 672 1068 734 μοι,
1093 646 1280 735 ἀποφράδα

247 750 488 839 όνομάζεσθαι,·Ι
512 748 595 819 ἀλλά
612 757 658 832 τί,
678 749 765 837 πρὸς
782 750 878 832 Διὸς,
902 754 958 818 καὶ
976 754 1116 840 φιλήσοι
1132 758 1181 840 τῷ
1200 750 1304 819 στό--

244 883 327 942 ματι
352 852 676 946 προσέτιάξιοίσεις
699 851 788 943 ἡμᾶς
815 853 831 935 ἐ
859 852 1026 936 ’ἐκείνοις
1055 869 1128 937 τοῖς
1154 855 1279 942 όργοιςς

244 967 343 1028 τοῦτο
364 966 443 1047 γοῦν
464 957 503 1026 τὸ
524 956 764 1048 ὑβριστότατον
789 971 915 1040 ποιεῖς,
942 962 997 1026 καὶ
1022 958 1168 1044 μάλιστα
1190 956 1278 1046 πρὸς

246 1059 439 1151 οὓς-ἥκιστα
457 1061 549 1150 ἐχρήν
566 1057 717 1140 καὶτοὺς
735 1056 907 1147 ὁμιλητὰς,
933 1058 985 1141 οίς
1004 1059 1097 1147 ἱκανόν
1114 1052 1153 1148 ήν
1172 1061 1279 1129 ἐκεῖνα

242 1166 332 1249 μόνα
348 1165 391 1232 τὰ
406 1162 490 1231 κακὰ
509 1171 569 1232 τοῦ
588 1170 649 1231 οοό
668 1164 833 1247 στόματος
846 1161 1038 1245 ἀπολαύειν,
1057 1162 1096 1231 τὸ
1109 1163 1279 1254 βάρβαρον

243 1274 309 1334 τῶν
337 1264 522 1351 ὀνομάτων,
554 1264 594 1334 τὸ
620 1263 721 1353 τραχὺ
748 1272 807 1354 τῆς
834 1272 958 1355 φωνῆς,
990 1265 1029 1334 τὸ
1061 1262 1208 1354 ἀκριτον,
1238 1264 1278 1334 τὸ

150 1370 152 1373 ’
243 1367 392 1451 άτακτον,
416 1369 456 1437 τὸ
473 1369 582 1457 πάντη
602 1362 749 1454 ἀμουσον
765 1372 822 1436 καὶ
842 1368 885 1436 τὰ
907 1377 1060 1438 τοιαῦτα·
1083 1373 1224 1458 φιλήσοι
1243 1370 1280 1436 δέ
1364 1389 1370 1398 ·

245 1497 282 1539 σε
302 1470 359 1539 ἒπί
375 1472 508 1551 τούτοις
524 1469 569 1559 μή
589 1475 725 1557 γένοιτο,
747 1462 774 1537 ὦ
793 1467 976 1553 ἀλεξίκακοι
1008 1468 1137 1540 ἀσπίδα
1153 1475 1279 1555 μᾶλλον

243 1572 265 1661 ἢ
284 1574 410 1657 ἐ’χιδναν
429 1578 570 1663 φιλήσαι
588 1569 735 1657 ἀμεινον·
755 1575 862 1661 δήγμα
881 1574 949 1642 ἐκεῖ
963 1572 1001 1641 τὸ
1015 1575 1211 1658 κινδύνευμα
1221 1576 1279 1640 καὶ

213 1734 216 1739 ⁴
245 1673 389 1763 ἀλγημα,
413 1680 468 1742 καὶ
492 1672 510 1742 ὃ
535 1673 647 1764 ἰατρὸς
670 1674 843 1763 ἐσκληθεὶς
867 1674 1042 1765 ἐπήμυνεν·
1071 1673 1140 1745 ἀπὸ
1164 1677 1201 1743 δὲ
1217 1683 1278 1743 τοῦ

246 1785 306 1845 σοῦ
334 1778 520 1867 φιλήματος
545 1781 685 1845 καὶτοῦ
715 1779 773 1845 ἰοῦ·
794 1777 915 1847 ἐκείνου
942 1783 994 1857 τίς
1020 1775 1059 1865 ἀγ
1085 1774 1106 1867 ἢ
1134 1777 1279 1868 ἱεροῖςή

244 1887 372 1965 βωμοῖς
389 1884 594 1969 προσέλθοι,
615 1886 667 1960 τίς
685 1879 716 1948 δ’
727 1877 768 1949 ἀν
785 1878 869 1960 θεὸς
887 1879 1099 1949 ἐπακούσειεν
1118 1882 1168 1949 ἐτι
1185 1879 1279 1967 εόχο-

244 1988 361 2067 μένους
379 1984 495 2052 πόσων
513 1989 803 2070 περιρραντηρίων,
822 1970 940 2051 πόσων
957 1992 1117 2069 ποταμῶν
1136 1986 1204 2068 δεῖ,·

192 2109 227 2159 24
295 2090 363 2161 Καὶ
378 2093 530 2166 τοιοῦτος
549 2082 648 2166 αότδς
667 2083 713 2152 ῶν
730 2089 909 2174 καταγελᾷς
925 2093 992 2155 τῶν
1015 2084 1121 2155 ἀλλων
1140 2084 1191 2155 ἐπ’
1203 2085 1278 2155 δνό-

243 2213 327 2274 μασι
348 2192 404 2257 καὶ
427 2190 583 2278 ῥήμασιν,
611 2189 689 2278 ἔργα
709 2195 847 2256 τοιαῦτα
868 2192 924 2256 καὶ
945 2193 1122 2276 τηλικαῦτα
1145 2189 1279 2278 ἐργαζό-
1340 2270 1348 2285 ἱ
1369 2214 1370 2255 3

243 2318 349 2377 μενος.
386 2298 495 2360 ’καίτοι
518 2292 580 2380 ἐγὼ
603 2294 661 2377 μέν
689 2289 874 2381 ἀποφράδα
899 2291 944 2379 μή
972 2289 1069 2370 εἰδὼς
1094 2289 1278 2381 ᾐσχυνόμην

245 2392 284 2462 ἀν
302 2397 435 2479 μᾶλλον,
460 2391 520 2478 οάχ
538 2391 633 2474 ὅπως
650 2392 754 2462 εἰπὼν
772 2391 951 2484 ἀρνηθείην
973 2391 1027 2462 ἀν·
1051 2395 1088 2475 οδ
1111 2396 1146 2462 δὲ
1167 2392 1279 2475 οόδελς
1301 2442 1306 2447 -

244 2495 405 2586 ᾐτιάσατο
424 2494 516 2585 ἡμῶν
532 2496 766 2585 βρωμολόγους
784 2499 919 2583 λέγοντα
935 2499 992 2564 καὶ
1012 2497 1279 2586 τροπομάσθλη-

243 2625 303 2678 τας
315 2604 369 2666 καλ
384 2602 592 2689 ῥησιμετρεῖν
602 2602 658 2666 καὶ
672 2597 803 2687 ἀθηνιῶ
816 2603 873 2666 καὶ
882 2595 1099 2688 ἀνθοκρατεῖν
1111 2602 1166 2666 καὶ
1177 2623 1278 2688 σφεν-

245 2703 377 2783 δικίζειν
398 2706 455 2769 καὶ
478 2704 769 2791 χειροβλιμᾶσθαι.
814 2701 911 2770 κακόν
933 2709 1041 2783 κακῶς
1063 2727 1101 2770 σε
1124 2698 1142 2769 δ
1166 2701 1279 2790 λόγιος

240 2802 357 2892 Ἑρμῆς
380 2802 588 2892 ἐπιτρίψειεν
611 2801 725 2884 οότοῖς
747 2804 869 2891 λόγοις.
909 2811 977 2872 ποό
999 2803 1061 2891 γάρ
1084 2811 1189 2872 ταῦτα
1210 2812 1278 2874 τῶν

243 2909 381 2990 βιβλίων
400 2902 629 2994 εόρίσκεις,·-έν
645 2912 749 2995 γωνίᾳ
767 2931 833 2974 που
852 2906 942 2989 τάχα
950 2913 1016 2974 τῶν
1031 2907 1174 2992 ἰαλέμων
1186 2907 1280 2988 τινός

243 3014 392 3095 ποιητῶν
408 3015 690 3095 κατορωρυγμένα,
710 3006 853 3095 εὐρῶτος
869 3011 926 3075 καὶ
943 3005 1104 3094 ἀραχνίων
1121 3001 1280 3099 μεστὰ,’ή
1367 3052 1368 3095 ;

242 3134 310 3178 που
330 3109 365 3177 ἀκ
381 3117 447 3177 τῶν
469 3112 656 3190 Φιλαινίδος
675 3113 805 3192 δέλτων,
829 3110 870 3190 ἀς
888 3109 945 3179 διά
961 3110 1070 3200 χειρὸς
1093 3111 1190 3195 ἔχεις,
1215 3119 1279 3181 σοῦ
1367 3104 1368 3109 ¹

242 3219 355 3297 μέντοι
371 3217 427 3281 καὶ
444 3220 504 3281 τοῦ
525 3220 586 3281 σοῦ
604 3214 769 3298 στόματος
787 3211 875 3296 ἀξια.
1367 3204 1368 3231 ³

191 3338 227 3386 25
291 3312 383 3384 Ἐπεὶ
402 3318 438 3383 δὲ
455 3323 514 3384 τοῦ
534 3316 700 3401 στόματος
717 3314 894 3405 ἐμνήσθην,
913 3322 949 3384 τί
966 3322 1068 3407 φαίης
1086 3314 1135 3399 ἀν,
1156 3319 1190 3386 εἰ’
1205 3316 1277 3407 σεή
1366 3362 1367 3371 1

242 3420 371 3504 γλῶττα
395 3417 428 3497 ἐς
451 3419 660 3508 δικαστήριον
687 3421 980 3509 προσκαλεσαμένη
1002 3461 1046 3472 -
1071 3427 1189 3507 θῶμεν
1214 3419 1279 3508 γάρ

132 3602 139 3615 N
243 3515 349 3599 οὕτως
370 3559 413 3570 -
435 3518 637 3609 ἀδικήματος
657 3518 680 3610 ἢ
705 3519 744 3590 τδ
766 3522 998 3612 μετριώτατον
1010 3519 1137 3610 όβρεως
1159 3524 1280 3591 διώκοι

242 3626 391 3710 λέγουσα,
408 3619 496 3711 ((ἒγιό
515 3650 563 3717 σε,
583 3614 610 3690 ιό
625 3621 790 3713 ἀχάριστε,
809 3631 934 3714 πένητα
945 3628 1001 3693 καί
1019 3623 1147 3716 δίπορον
1164 3651 1281 3715 παρα·
1296 3629 1311 3637 “

242 3729 392 3811 λαβοῦσα
404 3728 459 3792 καὶ
471 3733 546 3812 βίου
562 3728 715 3813 δεόμενον
727 3726 769 3795 τόι
781 3730 841 3814 μέν
853 3736 972 3814 πρῶτα
986 3727 1019 3796 ἐν
1032 3741 1103 3809 τοῖς
1117 3728 1280 3816 θεάτροις

242 3825 426 3913 εὐδοκιμεῖν
445 3829 596 3918 ἐποίησα,
616 3837 672 3898 νῦν
687 3832 748 3916 μὲν
759 3837 869 3914 Νίνον,
889 3839 943 3900 νῦν
958 3833 994 3899 δέ
1006 3836 1181 3919 Μητίοχον,
1201 3824 1279 3895 εἶτα
1365 3848 1366 3861 ’

122 4019 127 4023 ’
217 4008 223 4014 1
242 3928 326 4013 μετὰ
343 3930 459 4020 μικρὸν
469 3930 613 4014 Ἀχιλλέα
623 3940 776 4001 τιθεῖσα·
793 3933 878 4019 μετὰ
890 3941 995 4002 ταῦτα
1009 3936 1045 4002 δέ
1058 3935 1185 4011 παῖδας
1199 3933 1282 4000 ουλ-

81 4032 87 4039 ’
242 4032 385 4116 λαβίζειν
408 4035 605 4119 διδάσκοντα
630 4042 746 4126 μακρῷ
765 4038 873 4127 χρόνῳ
897 4037 1045 4125 ἔβοσκον·
1072 4033 1134 4125 ήδη
1163 4036 1282 4103 δὲκαὶ
