2792 4580
237 207 311 281 '208
364 262 367 269 .
514 288 520 295 ,
636 226 891 284 mmor

181 362 186 372 ’
248 332 435 422 ληψόμενος
461 330 554 421 παρὰ
578 337 638 398 τοῦ
659 333 850 419 Πεοδήμου
876 328 938 423 τὴν
957 322 1091 420 φιάλην,
1121 326 1199 398 όδλ
1219 330 1279 399 τόν

246 461 285 504 τε
306 436 464 502 δάκτυλον
486 431 678 520 ἀπέθλιψεν
700 430 802 501 αύτοῦ
825 437 880 501 καὶ
901 432 1048 521 δραχμὰς
1071 430 1130 500 δύο
1135 485 1145 515 ,
1171 430 1276 517 οἶμαι,

246 538 447 607 συνανέδωκε
473 536 556 621 μετὰ
582 536 640 625 τὴς
666 537 803 624 φιάλης·
830 534 849 605 ό
871 550 953 616 παῖς
976 538 1011 603 δὲ
1033 535 1119 623 πρὸς
1139 537 1198 620 μὲν
1217 534 1279 604 τὸν
1384 538 1385 545 '

158 662 160 669 ’
187 678 193 691 ·
246 641 407 709 δάκτυλον
425 641 625 726 θλιβόμενον
643 631 746 720 αὖθις
764 639 958 724 ἐμειδίασεν,
984 635 1020 706 οῦ
1039 637 1102 726 μὴν
1121 638 1276 722 συνεῖδεν,

166 808 170 817 ,
251 740 359 829 οἶμαι,
387 741 426 811 τὸ
450 744 608 828 νόμισμα,
637 739 723 810 άίστε
744 740 789 831 μή
813 744 987 826 δεξαμένου
1011 740 1127 829 ψόφον
1154 741 1191 808 αλ
1218 741 1277 809 δύο

242 848 392 936 δραχμαὶ
424 851 588 935 παρέσχον
619 844 819 913 ἐκπεσοῦσαι
840 847 904 912 ικαὶ
933 840 1141 932 ἠρυθρίασαν
1173 841 1277 933 ἀμφω

226 1022 234 1041 ¹
246 951 338 1034 μάλα
365 956 492 1038 σαφῶς.
536 947 685 1038 ἠπόρουν
711 949 747 1015 δέ
773 949 808 1015 οί
832 950 974 1034 πλησίον
1001 938 1128 1026 οὗτινος
1158 948 1208 1036 ε’ίη
1234 944 1278 1014 τὰ

240 1058 448 1137 νομίσματα,
472 1058 532 1118 τοῦ
553 1053 612 1136 μὲν
635 1049 758 1129 παιδὸς
776 1047 973 1140 ἀρνουμένου
992 1046 1036 1136 μή
1056 1045 1279 1137 ἀποβεβληκέ-

239 1181 310 1237 ναι,
325 1162 383 1223 τοῦ
399 1158 434 1249 δὲ
447 1155 648 1243 Κλεοδήμου,
662 1152 739 1221 καθ’
751 1153 787 1221 ὃν
802 1152 819 1221 ό
834 1155 949 1242 ψόφος
964 1152 1096 1240 ἐγένετο,
1112 1152 1156 1241 μή
1170 1176 1278 1241 προσ-

247 1263 448 1343 ποιουμένου
461 1254 519 1347 τήν
534 1255 729 1346 ἀπόρριψιν.
758 1252 907 1345 ἠμελήθη
924 1246 1019 1323 δὀῦν
1032 1258 1088 1322 καὶ
1101 1257 1276 1344 παρώφθη

244 1368 344 1430 τοῦτο
373 1358 409 1430 οῦ
437 1362 524 1429 πάνυ
552 1364 684 1429 πολλῶν
713 1359 848 1427 ἰδόντων
875 1357 959 1446 πλήν
984 1362 1101 1443 μόνον,
1130 1355 1278 1443 ῶςέμολ
1385 1382 1386 1439 χ

248 1463 348 1546 ἐ’δοξε,
367 1471 426 1531 τοῦ
437 1461 688 1555 Ἀρισταινέτου·
706 1465 883 1549 μετέστησε
896 1461 957 1550 γάρ
971 1458 1028 1529 τὸν
1041 1464 1148 1528 παῖδα
1161 1458 1278 1551 μικρὸν
1385 1518 1386 1545 3

245 1561 381 1653 ὕστερον
401 1565 537 1655 ἀφανῶς
553 1564 767 1653 ὑπεξαγαγὼν
784 1568 841 1632 καί
854 1571 904 1652 τῶ
920 1565 1099 1652 Κλεοδήμῳ
1117 1563 1193 1640 τινὰ
1209 1590 1278 1631 πα-

245 1676 406 1757 ραστῆναι
424 1670 567 1737 διένευσε
584 1676 650 1736 τῶν
668 1667 798 1753 ἐξώρων
815 1663 877 1755 ήδη
899 1670 955 1734 καὶ
977 1674 1148 1759 καρτερῶν,
1174 1664 1277 1756 ὀρεω-

245 1772 348 1856 κόμον
365 1770 439 1838 τινὰ
456 1770 478 1859 ἢ
498 1772 696 1855 ἱπποκόμον.
1385 1816 1386 1851 χ

297 1875 363 1940 Καὶ
380 1881 479 1942 τοῦτο
496 1876 555 1958 μὲν
574 1866 639 1941 ὧδέ
656 1898 730 1953 πῶς
748 1872 946 1963 ἐκεχωρήκει,
966 1874 1109 1960 μεγάλης
1121 1873 1277 1961 αἰσχύνης

248 1976 353 2043 α’ίτιον
373 1973 412 2043 ἀν
429 1984 477 2064 τῷ
494 1978 674 2065 Κλεοδήμῳ
692 1979 872 2064 γενόμενον,
893 1976 924 2043 εἰ
942 1975 1033 2065 ἔφθη
1053 1978 1277 2065 διαφοιτῆσαν

195 2094 197 2101 ’
246 2077 295 2156 εἰς
313 2075 475 2161 ἅπαντας,
500 2076 584 2147 ἀλλὰ
601 2080 645 2168 μὴ
663 2087 803 2167 κατέσβη
824 2078 953 2162 αῦτίκα,
978 2080 1094 2161 δεξιῶς
1111 2080 1198 2147 πάνυ
1214 2086 1284 2147 τοῦ

197 2200 228 2247 16
244 2176 481 2269 Ἀρισταινέτου
513 2181 570 2271 τήν
596 2190 771 2270 παροινίαν
803 2181 995 2270 δν.έγκαντος
1041 2179 1213 2307 ήκονικός
1239 2183 1277 2250 δὲ

243 2281 444 2371 Αλκιδάμας,
466 2286 685 2354 έπεπωκει
650 2313 711 2374 γαρ
730 2280 801 2374 ἤδη,
822 2283 1055 2371 πυθόμενος”
1032 2283 1137 2373 ητιςή
1152 2311 1206 2373 γαμ
1193 2310 1277 2370 μου·

243 2374 324 2474 μένή
338 2401 420 2467 παῖς
438 2387 593 2471 ἐκαλεῖτο,
613 2413 744 2477 σιωπην
757 2391 979 2477 παραγγείλας
991 2388 1167 2476 μεγάλητη
1182 2412 1277 2513 φωγῃ
1386 2408 1387 2423 ³

245 2484 482 2578 ἀποβλέψας
468 2517 501 2571 ες
521 2490 582 2571 τὰς
607 2503 773 2578 γυναῖκας,
798 2488 976 2617 “προπίνω
1000 2487 1089 2571 σοι,’
1102 2489 1197 2578 ε’φη,
1222 2480 1277 2555 “ῶ

245 2596 407 2672 Κλεανθί,
437 2590 627 2681 Ἡρακλέους
654 2591 861 2682 ἀρχηγέτου.”
908 2591 953 2673 ῶς
984 2590 1015 2660 δ’
1037 2592 1191 2680 ἐγέλασαν
1218 2574 1279 2659 ἐπὶ

127 2722 130 2735 ’
244 2696 352 2782 τούτῳ
372 2692 530 2776 ἅπαντες,
554 2694 789 2783 “έγελάσατε,”
814 2693 946 2778 εἶπεν,
961 2724 988 2762 w
975 2686 1221 2782 καθάρματα,
1247 2694 1279 2787 εξ

242 2805 286 2887 τῇ
304 2800 416 2887 νύμφη
435 2796 603 2886 προῦπτον
624 2807 683 2868 τοῦ
705 2796 864 2887 ἡμετέρου
887 2805 971 2866 θεοῦ
993 2804 1053 2865 τοῦ
1067 2796 1277 2887 Ἡρακλέους,·

246 2904 302 2967 καί
327 2900 390 2989 μὴν
413 2892 450 2967 εὖ
474 2902 595 2970 εἰδέναι
614 2901 674 2990 χρή
699 2898 744 2982 ῶς
769 2899 808 2989 ἢν
834 2900 878 2989 μή
906 2900 991 2990 λάβῃ
1017 2898 1095 2991 παρ’
1115 2900 1196 2985 ἐμοῦ
1218 2899 1278 2970 τὸν

246 3003 381 3092 σκύφον,
407 3000 530 3073 οόποτε
547 3013 698 3085 τοιοῦτος
716 3003 755 3072 ἀν
773 3002 845 3084 υἱὸς
863 3002 945 3093 αύτῇ
962 3009 1089 3091 γένοιτο
1112 3002 1183 3083 οίος
1201 3002 1277 3091 έγῶ,

150 3160 155 3169 .
247 3102 410 3192 άτρεπτος
427 3108 485 3192 μέν
504 3105 611 3196 ἀλκήν,
637 3108 812 3196 ἐλεύθερος
829 3108 867 3174 δέ
884 3105 941 3195 τήν
958 3108 1096 3195 γνιόμην,
1120 3106 1159 3174 τδ
1179 3113 1280 3192 σῶμα

245 3209 283 3276 δέ
306 3204 393 3276 οάτω
411 3208 606 3299 καρτερός·”
631 3210 686 3279 καλ
705 3204 775 3296 δι’μα
791 3206 1000 3298 παρεγύμνου
1019 3209 1137 3277 ἑαυτὸν
1152 3212 1280 3294 μᾶλλον

191 3348 194 3353 ·
245 3307 322 3402 ἀχρι
339 3310 425 3401 πρὸς
441 3311 480 3380 τὸ
500 3315 677 3397 αἴσχιστον.
714 3305 816 3392 αὖθις
839 3311 896 3381 έπλ
917 3312 1227 3400 τούτοιςάγέλασαν
1245 3310 1281 3379 ολ

246 3416 430 3500 συμπόται,
463 3418 518 3482 καὶ
544 3417 581 3496 ὃς
612 3415 837 3504 ἀγανακτήσας
863 3414 1063 3483 έπανίστατο
1095 3414 1193 3501 δριμύ
1220 3416 1281 3481 καὶ

244 3518 445 3607 παράφορον
470 3521 603 3603 βλέπων
624 3523 680 3586 καὶ
706 3522 805 3607 δῆλος
830 3510 868 3607 ἦν
892 3515 999 3586 οὐκέτι
1022 3519 1149 3606 εἰρήνην
1176 3512 1279 3598 άξων.

243 3621 328 3703 τάχα
347 3617 378 3686 δ’
393 3616 434 3688 ἀν
450 3646 540 3700 τινος
557 3629 714 3689 καθίκετο
732 3629 771 3710 τῇ
789 3627 962 3713 βακτηρία,
988 3621 1018 3690 εί
1035 3620 1080 3708 μὴ
1102 3618 1186 3687 κατὰ
1203 3642 1281 3686 και·

245 3722 303 3812 ρὸν
322 3722 563 3809 εἰσεκεκόμιστο
582 3724 941 3813 πλακοῦςέῦμεγέθης,
966 3724 1052 3815 πρὸς
1074 3724 1112 3791 ὃν
1130 3721 1281 3808 ἀποβλέ-

244 3839 316 3913 ψας
334 3824 537 3917 ήμερῶτερος
556 3827 752 3915 ἐγένετοκαὶ
771 3830 862 3918 έληξε
879 3835 938 3896 τοῦ
955 3834 1069 3913 θυμοῦ
1087 3829 1143 3893 καὶ
1161 3825 1282 3913 ἐνεφο-

195 3948 228 3996 ιι
245 3941 335 4017 ρεῑτο
354 3933 569 4020 συμπεριιών.
600 3936 654 3999 καὶ
673 3934 707 4001 υί
723 3937 876 4001 πλεῖστοι
894 3932 1037 4017 ἐμέθυον
1049 3930 1112 4018 ἤδη
1126 3931 1182 3995 καί
1193 3933 1281 4015 βοῆς

243 4030 364 4116 μεστὸν
388 4024 429 4122 ἦν
452 4033 491 4102 τὸ
513 4036 722 4124 συμπόσιον·
754 4033 773 4105 ῦ
798 4038 858 4123 μέν
886 4035 950 4126 γὰρ
964 4033 1228 4125 ,Διονυσόδωρος
1256 4024 1279 4097 ό
