2792 4580
212 223 276 291 198
366 302 369 309 Α
598 232 857 289 Λοκκεεαον

142 398 145 411 ,
207 365 307 426 μενος
324 339 425 428 λάθῃ,
443 337 488 427 μὴ
508 335 526 406 5
542 334 629 418 οἶνος
644 334 777 427 ἀξιωθῇ,
796 335 841 426 μὴ
860 335 879 405 5
894 348 986 418 σίνος
998 340 1141 428 φθειρσί
1155 339 1241 429 ζέση,

206 442 254 531 μὴ
277 439 295 510 5
318 439 438 531 λῃστὴς
459 439 623 534 ὑφέληται
639 439 682 507 τὰ
705 438 900 526 έκπώματα,
923 439 969 529 μὴ
991 442 1154 531 πιστεύσῃ
1170 455 1247 523 τοῖς

113 558 117 573 ‘
210 545 432 633 συκοφάνταις
455 541 473 611 5
497 545 600 631 δῆμος
625 546 758 630 λέγουσι
783 556 950 629 τυραννεῖν
977 539 1076 615 αὗτὸν
1103 543 1243 615 ἐθέλειν.

208 653 314 714 ταῦτα
340 647 377 714 δέ
402 646 514 714 πάντα
529 642 617 714 ὀὐδὲ
642 644 681 712 τὸ
707 643 893 714 πολλοστὸν
916 642 1030 735 ἀνείη
1053 651 1153 737 μέρος
1178 653 1247 716 τῶν

103 754 108 762 “
207 746 375 818 ἀνιόντων
402 745 536 828 αὐτούς·
563 747 594 815 ελ
614 753 693 835 γοῦν
718 744 914 835 ἠπίστασθε
933 746 1012 835 τοὺς
1038 749 1167 838 φόβους
1189 752 1248 817 κοιλ
1316 776 1321 786 ·

208 850 269 931 τὰς
285 856 445 940 μερίμνας
463 849 503 930 ἀς
522 849 646 934 έχουσι,
666 850 754 919 πάνυ
774 847 814 919 ἀν
831 847 910 935 ύμῖν
928 857 1085 941 φευκτέον
1103 848 1121 919 5
1140 855 1247 920 πλού-

209 979 267 1034 τος
286 953 364 1035 έδοξ
397 1005 405 1020 .

155 1078 192 1127 27
258 1053 351 1125 Ἐπεί
367 1082 421 1123 τοι
440 1055 505 1124 ολέι
521 1081 563 1142 με
582 1048 681 1124 αάτὸν
699 1051 804 1136 ούτως
823 1055 863 1124 ἀν
880 1080 964 1124 ποτε
976 1062 1242 1145 κορυβαντιᾶσαι,

210 1154 257 1238 ὦς
279 1159 310 1225 εἰ
330 1157 430 1226 καλὸν
451 1149 490 1247 ἦν
511 1159 550 1226 τό
574 1162 729 1228 πλουτεῖν
750 1161 807 1226 καὶ
825 1159 1026 1247 βασιλεύειν,
1055 1156 1182 1248 ἀφέντα
1204 1158 1246 1229 ἀν

209 1257 295 1327 αύτά
312 1263 368 1328 καί
389 1261 676 1350 παραχωρήσαντα
698 1258 812 1353 ἀλλοις
832 1267 1011 1348 καθῆσθαι
1033 1261 1247 1330 ίδιωτεύοντα

209 1365 265 1431 καὶ
279 1360 458 1447 ἀνέχεσθαι
470 1361 527 1432 ἀπ’
539 1360 628 1452 ἀλλφ
642 1365 855 1450 ταττόμενον,·
870 1360 954 1430 ἀλλά
963 1361 1009 1430 τά
1022 1362 1131 1432 πολλὰ
1139 1371 1249 1434 ταῦτα

114 1494 120 1501 ·
210 1465 321 1546 εἰδὼς,
347 1466 369 1532 ἀ
390 1479 462 1547 τοῖς
483 1469 659 1547 πλουσίοις
680 1470 736 1534 καὶ
754 1463 893 1556 ἀρχουσι
915 1480 1090 1552 προσεῖναι
1112 1463 1243 1556 ἀνάγκη,

156 1588 192 1657 νβ
211 1566 323 1658 ἀφῆκα
340 1567 396 1657 τὴν
416 1566 515 1658 ἀρχὴν
533 1560 570 1636 εὖ
587 1575 707 1637 ποιεῖν.
734 1567 868 1657 καὶγὰρ
888 1567 909 1635 ἀ
927 1575 982 1636 νῦν
1001 1567 1144 1637 ίποτνιῶ
1158 1571 1246 1658 πρός
1389 1638 1390 1665 η

208 1697 259 1756 με,
276 1669 322 1750 ὦς
333 1671 412 1751 τοὺς
424 1673 483 1768 μέν
497 1668 564 1739 όολν
577 1674 633 1738 καί
647 1672 859 1740 πλακούντων
869 1670 1142 1761 ἐμφορουμένους,
1158 1668 1246 1757 ἀμάς
1300 1687 1304 1694 ”
1389 1688 1390 1753 ,

211 1774 247 1841 δὲ
268 1775 437 1862 κάρδαμον
458 1771 479 1862 ἢ
501 1775 612 1861 θύμον
638 1772 660 1863 ἢ
686 1775 854 1865 κρόμμυον
880 1773 1123 1861 έπιτραλγοντας
1145 1774 1178 1843 έν
1203 1782 1246 1866 τῇ

209 1875 319 1966 ἑορτῇ,
345 1882 469 1964 σκέψαι
490 1871 596 1945 ὁποῖά
619 1877 700 1946 έστι.
739 1876 826 1967 πρὸς
842 1878 901 1962 μὲν
917 1874 979 1965 γὰρ
997 1874 1036 1943 τὸ
1054 1874 1163 1967 παρὸν
1180 1874 1244 1966 ἡδδ

208 1980 265 2044 καὶ
283 1975 341 2044 οὐκ
359 1976 494 2068 ἀνιαρὸν
510 1980 594 2060 ἰ’σως
612 1979 764 2067 ἑκάτερον
778 1976 895 2063 αάτιδν,
916 1976 962 2059 ὥς
980 1979 1016 2047 δέ
1028 1977 1112 2065 μετὰ
1124 1986 1243 2064 ταῦτα,

209 2070 350 2174 ἔμπαλιν
369 2079 611 2172 ἀναστρέφεται
631 2081 671 2151 τὸ
694 2089 842 2171 πρᾶγμα.
881 2079 953 2150 εἶτα
974 2078 1069 2166 όμεῖς
1090 2083 1150 2166 μὲν
1168 2079 1247 2151 ούτε

208 2189 468 2272 καρηβαροῦντες
500 2173 692 2275 ἀνάσταίητ’
713 2181 753 2253 ἀν
783 2184 818 2265 ές
842 2181 900 2272 τὴν
925 2181 1101 2274 ὑστεραίαν
1128 2180 1244 2275 ὥσπερ

209 2281 328 2352 ἐκεῖνοι
353 2284 421 2354 ἀπὸ
447 2295 507 2378 τῆς
531 2295 640 2377 μέθης
668 2284 743 2356 ούτε
765 2285 833 2355 ἀπὸ
860 2292 918 2373 τῆς
945 2283 1026 2374 ἀγαν
1052 2290 1246 2376 πλησμονῆς

209 2387 357 2467 δυσῶδές
374 2416 407 2456 τι
425 2394 481 2457 καί
497 2393 765 2477 καπνωδέστερον
789 2389 1032 2479 ἐρυγγάνοντες·
1056 2390 1090 2457 οἱ
1112 2391 1148 2457 δέ
1165 2390 1244 2459 τού-

206 2513 273 2555 των
295 2515 332 2556 τε
355 2487 567 2561 ἀπολαύουσι
588 2495 643 2560 καλ
664 2491 704 2560 τὸ
722 2491 808 2559 πολὺ
831 2498 890 2580 τῆς
907 2489 1021 2573 νυκτὸς
1041 2488 1063 2580 ἢ
1084 2490 1245 2582 παρσίνῆ
1272 2564 1283 2573 ,

207 2591 396 2679 γυναιξὶν’ἢ
420 2589 514 2673 ὅπως
536 2591 577 2663 ἀν
599 2592 617 2662 5
639 2594 761 2683 τράγος
782 2594 895 2684 κελεύῃ
924 2600 1203 2685 σουαναφυρέντες
1223 2592 1251 2684 ἢ

208 2694 323 2781 φθόην
345 2692 367 2781 ἢ
388 2703 665 2782 περιπνευμονίαν
687 2693 709 2785 ἢ
735 2692 850 2786 ὕδερον
877 2693 915 2763 05
936 2699 1091 2780 χαλεποῖς
1113 2701 1246 2769 συνελέ·

208 2797 306 2875 ξαντα
329 2796 365 2862 έκ
385 2804 444 2885 τῆς
464 2799 589 2884 πολλῆς
611 2803 748 2887 τρυφῆς.
785 2795 807 2887 ἢ
828 2781 902 2867 τίνα
925 2797 964 2868 ἀν
987 2798 1095 2871 αύτιύν
1118 2803 1245 2891 ῥᾳδίως

208 2899 316 2977 δεῖξαι
334 2898 448 2967 δύναιο
466 2898 511 2988 μὴ
529 2900 663 2980 πάντως
686 2897 792 2989 ὠχρὸν
815 2896 894 2969 ἀντα
916 2900 1060 2970 πολύτὸ
1083 2905 1245 2992 νεκρῶδες

208 2996 428 3086 έμφαίνοντα,·
458 3008 533 3069 τίνα
560 3004 596 3069 δέ
623 3002 657 3082 ές
681 3009 783 3091 γῆρας
810 3001 1010 3092 ἀφικόμενον
1036 3019 1108 3087 τοῖς
1138 3003 1244 3075 αὗτοῦ

207 3103 318 3184 ποσὶν,
344 3099 428 3170 ἀλλά
449 3103 495 3194 μὴ
514 3104 663 3194 φοράδην
686 3104 746 3175 ἐπὶ
766 3106 930 3195 τεττάρων
953 3105 1138 3193 ὀχούμενον,
1164 3106 1245 3177 ὁλά-

202 3227 325 3292 χρυσον
347 3207 406 3291 μέν
424 3205 466 3274 τὰ
485 3206 561 3289 ἐ’ξω,
584 3207 804 3307 κατάρραφονἱ
819 3209 855 3276 δὲ
875 3207 919 3276 τά
941 3209 1041 3292 ένδον,
1067 3206 1181 3300 ὥσπερ
1205 3211 1245 3280 αἱ

205 3310 359 3399 τραγικοὶ
382 3308 522 3397 ἐσθῆτες
545 3308 580 3376 ἐκ
601 3311 722 3398 ῥακίων
745 3310 833 3379 πάνυ
860 3309 999 3381 εάτελῶν
1026 3337 1243 3400 συγκεκαττυ-

143 3488 145 3494 Ι
204 3412 318 3492 μέναι,ι
340 3406 435 3495 ύμεῐς
452 3412 489 3478 δέ
507 3411 634 3494 ἰχθύων
655 3412 715 3496 μὲν
733 3409 888 3499 ἀγενστοι
905 3418 961 3481 καὶ
979 3413 1106 3497 ἀσιτοι,
1129 3416 1242 3485 ποδά-

204 3528 286 3597 γρας
305 3512 340 3577 δὲ
357 3509 379 3600 ἢ
392 3521 670 3601 περιπνευμονίας
684 3508 854 3602 ούχ,όράθ’
867 3513 920 3585 ότι
932 3520 988 3585 καί
1000 3520 1126 3587 τούτων
1140 3515 1242 3588 ἀπει-

205 3616 261 3701 ροί
278 3611 360 3696 έστε,
380 3611 404 3704 ἢ
421 3615 455 3682 εί
468 3641 503 3682 τι
516 3613 583 3682 κατ’
596 3613 696 3704 ἀλλην
709 3616 783 3686 τινὰ
797 3619 906 3688 αἰτίαν
920 3626 1110 3706 συμβαίνει,·
1127 3628 1241 3692 καίτοι

206 3711 279 3781 055²
292 3713 404 3797 αὐτοῖς
423 3715 557 3799 ἐκείνοις
573 3716 636 3808 ἡδύ
655 3718 744 3790 έστιν
762 3719 843 3789 αὐτὸ
857 3724 934 3790 καθ’
944 3720 1069 3813 ἡμέραν
1081 3727 1137 3792 καὶ
1149 3729 1240 3813 πέρα

204 3823 265 3883 τοῦ
290 3818 389 3907 κόρου
417 3819 545 3889 ἐσθίειν
570 3823 711 3906 τούτων,
740 3821 808 3891 ἀλλ’
823 3825 911 3905 ίδοις
937 3822 978 3895 ἀν
1004 3823 1126 3908 αύτούς
1148 3824 1237 3897 ούτω

204 3919 353 3999 λαχάνων
374 3926 430 3989 καλ
452 3925 564 4010 θύμου
588 3923 803 4013 ὀρεγομένους
825 3926 930 3997 ἐνίοτε
953 3924 1067 4017 ὥσπερ
1096 3928 1174 3999 οὐδὲ
1196 3929 1237 4000 σὺ

153 4039 187 4088 29
205 4024 271 4088 τῶν
287 4023 423 4111 λαγῴων
440 4031 496 4095 καὶ
512 4025 589 4098 δῶν.
617 4028 662 4096 έιδ
680 4032 783 4119 λέγειν
802 4026 867 4101 ὅσα
884 4028 969 4101 ἀλλα
986 4036 1088 4104 λυπεῖ
1103 4031 1235 4119 αὐτοὺς,
