2748 4572
450 254 529 309 LIII.
555 254 708 309 ΙΠΠῙΑΣ
731 254 815 310 1-,3.
887 337 900 346 ,

214 453 218 461 ’
331 494 522 563 ιΠΠιΑΣ
548 496 586 563 H
610 494 931 567 BAAANEION.

161 676 235 741 Τῶν
257 674 375 759 σοφῶν
398 666 540 748 ἐκείνους
559 667 709 754 μάλιστα
730 667 832 757 έγωγέ
852 693 942 759 φημι
963 669 1033 738 δεῖν
1050 666 1150 739 έπαι-
1167 691 1183 744 1

103 788 188 855 νεῖν,
214 769 343 841 ὁπόσοι
363 770 409 860 μὴ
432 772 551 858 λόγους
570 768 673 856 μόνον
691 767 820 853 δεξωδς
839 775 1045 862 παρέσχοντο
1062 769 1148 861 ὖπέρ

105 884 175 946 τῶν
201 875 408 966 πραγμάτων
431 872 590 956 ἑκάστων,
618 871 704 941 άλλά
725 877 781 942 καί
803 873 911 964 ἔργοις
938 872 1069 960 ὁμοίοις
1089 872 1150 957 τάς

106 988 176 1048 τῶν
193 978 302 1066 λόγων
320 973 520 1060 ὑποσχέσεις
537 973 777 1045 ἐπιστώσαντο.
803 977 934 1067 καὶγὰρ
947 985 1012 1046 τῶν
1027 978 1149 1066 ἰατρῶν
1263 1016 1270 1033 ν

64 1160 71 1166 ,
109 1078 132 1151 δ’
152 1106 188 1169 γε
210 1088 288 1150 νοῦν
311 1080 392 1165 ἐ’χωυ
414 1075 453 1146 οὗ
475 1077 553 1159 τοὺς
575 1074 697 1166 ἄριστα
719 1076 802 1168 ὖπέρ
824 1087 883 1169 τής
903 1085 1017 1171 τέχνης
1042 1081 1150 1151 εἰπεῖν

109 1186 311 1275 δυναμένους
331 1184 581 1269 μεταστελεῖται
601 1188 721 1264 νοσῶν,
751 1178 835 1249 ἀλλὰ
859 1181 938 1264 τοὺς
963 1187 1092 1271 πρᾶξαί
1114 1209 1151 1253 τι

109 1284 182 1356 κατ’
203 1283 306 1376 αὐτὴν
335 1285 605 1374 μεμελετηκότας.
655 1281 797 1369 ἀμείνων
828 1285 865 1353 δέ
894 1288 950 1353 καί
979 1285 1148 1372 μουσικὸς,

108 1388 216 1477 οἶμαι,
236 1395 296 1457 τοῦ
315 1390 490 1478 διακρίνειν
508 1385 659 1478 ῥυθμοὺς
675 1390 731 1455 καί
749 1383 909 1476 ἁρμονίας
927 1386 1148 1465 ἐπισταμένου

110 1491 204 1562 ὁκαὶ
222 1496 334 1581 ψήλαι
350 1495 407 1559 καὶ
427 1497 605 1578 κιθαρίσαι
626 1486 728 1571 αὐτὸς
750 1490 937 1576 δυνάμενος.
973 1496 1008 1560 τί
1027 1490 1089 1580 γὰρ
1109 1486 1149 1560 άν

108 1621 166 1665 σοι
186 1601 255 1664 τῶν
278 1599 467 1682 στρατηγῶν
489 1596 618 1681 λέγοιμι
640 1589 879 1675 τοδςείκότως
900 1589 1057 1684 άρίστους
1078 1620 1150 1684 κρι-

107 1704 243 1780 θέντας,
263 1692 318 1765 ὅτι
336 1693 374 1764 οὗ
392 1695 523 1764 τάττειν
539 1696 640 1781 μόνον
654 1699 710 1763 καί
722 1709 897 1787 παραινεῖν
909 1687 992 1786 ἦσαν
1010 1695 1148 1786 ἀγαθοί,

4 1878 5 1883 1
56 1788 61 1797 ⁵
108 1798 197 1871 ἀλλὰ
213 1803 270 1867 καί
287 1799 528 1888 προμάχεσθαι
548 1806 615 1866 τῶν
639 1798 746 1867 άλλωυ
767 1802 824 1867 καί
843 1799 954 1888 χειρὸς
977 1801 1056 1891 έργα
1074 1800 1151 1870 ἑπι-

109 1905 325 1985 δείκνυσθαω
352 1900 423 1969 οἶον
444 1908 511 1969 τῶν
533 1902 642 1970 πάλαι
662 1904 723 1987 μέν
736 1898 956 1989 Ἀγαμέμνονα
977 1906 1034 1971 καί
1047 1900 1151 1986 Ἀχιλ

109 2009 184 2089 λέα,
208 2013 274 2074 τῶν
297 2005 386 2073 κάτω
406 2005 442 2072 δέ
458 2003 517 2073 τὸν
530 2000 739 2092 Ἀλέξανδρον
759 2008 815 2072 καί
832 2006 961 2094 Πύρρον
984 2006 1078 2091 ἰ’σμεν
1094 2030 1151 2094 γε·

108 2110 259 2200 γονάτας.

167 2209 255 2295 Πρὸς
272 2208 310 2300 δή
327 2216 363 2279 τί
379 2207 469 2278 ταῦτ’
481 2208 580 2298 ’έφηνς
599 2206 636 2276 οὗ
655 2208 717 2300 γάρ
737 2205 844 2288 άλλως
860 2210 1006 2294 ἱστορίαν
1022 2208 1149 2277 ίπιδεί-
1166 2230 1183 2280 ²

5 2362 6 2371 τ
111 2319 261 2382 κνυσθαι
275 2312 473 2398 βουλόμενος
491 2310 703 2400 ἐπεμνήσθην
721 2308 838 2394 αὐτῶν,
858 2308 927 2379 ἀλλ’
940 2308 993 2380 ὅτι
1010 2314 1066 2381 καὶ
1083 2317 1150 2381 τῶν

18 2499 22 2517 1
109 2422 295 2504 μηχανικῶν
309 2415 450 2496 ἐκείνους
463 2410 556 2496 άξιον
568 2414 764 2499 θαυμάζειν,
781 2411 906 2483 ὁπόσοι
920 2414 952 2483 έν
964 2423 1004 2505 τῇ
1018 2419 1151 2505 θεωρία

110 2522 260 2608 λαμπροὶ
280 2518 450 2606 γενόμενοι
471 2521 527 2584 καί
548 2517 741 2605 μνημόσυνα
764 2514 855 2603 ὅμως
875 2525 936 2607 τῆς
956 2524 1068 2607 τέχνης
1094 2520 1151 2586 καλ

109 2622 292 2709 πράγματα
313 2634 385 2701 τοῖς
406 2617 474 2706 μετ’
492 2617 612 2700 αὐτοὺς
634 2624 826 2690 κατέλιπον·
854 2619 930 2689 έπελ
957 2621 993 2688 οἵ
1015 2646 1053 2708 γε
1077 2633 1151 2702 τοῖς

110 2726 223 2811 λόχοις
240 2725 356 2809 μόνοις
374 2721 666 2811 ἐγγεγυμνασμένοι
684 2726 846 2812 σοφισταί
864 2721 904 2792 άν
918 2723 1054 2804 εἰκότως
1065 2725 1151 2810 μᾶλ-

19 2862 23 2879 ·
109 2830 166 2896 λον
183 2824 207 2915 ή
224 2830 328 2917 σοφοὶ
344 2830 505 2893 καλοῖντο.
540 2832 692 2894 τοιοῦτον
710 2823 871 2911 ἀκούομεν
887 2825 945 2896 τὸν
959 2824 1150 2914 Ἀρχιμήδην

108 2936 268 3018 γενέσθαι
285 2932 341 2996 καί
358 2927 414 2999 τὸν
432 2929 565 2997 Κνίδιον
578 2929 786 3016 Σώστρατον,
799 2926 863 2998 τὸν
880 2931 939 3014 μὲν
952 2931 1149 3017 Πτολεμαίῳ

107 3032 353 3123 χειρωσάμενον
379 3030 437 3120 τήν
460 3038 596 3120 Μέμφιν
623 3027 699 3100 άνευ
727 3037 922 3122 πολιορκίας
949 3030 1170 3122 ἀποστροφή

107 3138 165 3203 καὶ
184 3136 348 3222 διαιρέσει
364 3142 423 3203 τοῦ
440 3141 606 3219 ποταμοῦ,
624 3133 682 3203 τὸν
696 3137 732 3210 δέ
744 3135 805 3218 τὰς
816 3144 883 3205 τῶν
896 3139 1066 3221 πολεμίων
1078 3160 1152 3222 τρι-

108 3239 202 3327 ήρεις
219 3240 469 3328 καταφλέξαντα
485 3245 525 3328 τή
547 3242 653 3327 τέχνη.
687 3242 744 3306 καί
763 3242 869 3328 θαλής
890 3239 927 3306 δέ
949 3234 968 3306 δ
984 3239 1150 3326 Μιλήσιος

10 3354 11 3375 ³
109 3339 177 3430 πρὸ
206 3338 331 3424 αὐτῶν,
358 3338 586 3427 ὑποσχόμενος
611 3346 745 3431 Κροίσῳ
773 3337 914 3430 άβροχον
941 3338 1150 3429 διαβιβάσειν

110 3441 169 3511 τὸν
195 3442 352 3530 στρατὸν,
378 3444 520 3514 κατόπιν
546 3452 607 3514 τοῦ
634 3447 862 3532 στρατοπέδου
888 3452 952 3538 μιᾷ
977 3448 1068 3515 νυκτὶ
1092 3443 1151 3514 τὸν

107 3539 200 3615 Ἀλυν
223 3546 430 3636 περιήγαγεν,
454 3546 493 3616 οὗ
516 3547 694 3639 μηχανικὸς
716 3540 813 3632 οὗτος
833 3550 1020 3637 γενόμενος,
1044 3548 1152 3637 σοφὸς

110 3649 222 3717 δὲκαὶ
242 3647 419 3739 δπιυοήσαι
436 3654 492 3720 καί
510 3667 657 3723 συνεῖναι
672 3654 922 3733 πιθανώτατος.
958 3650 998 3721 τὸ
1015 3648 1150 3739 μὲνγὰρ

111 3758 173 3817 τοῦ
188 3749 325 3823 Ἐπειοῦ
341 3755 428 3840 πάνυ
448 3751 593 3845 ἀρχαῖον,
614 3756 652 3838 ὃς
668 3755 708 3824 οὗ
726 3757 826 3840 μόνον
839 3756 1066 3843 τεχνήσασθαι
1079 3763 1153 3833 τοῖς

107 3849 253 3936 Ἀχαιοῖς
275 3853 332 3923 τὸν
353 3856 474 3941 ἵππον,
503 3856 587 3929 ἀλλὰ
612 3863 668 3928 καί
695 3863 937 3946 συγκαταβῆναι
962 3851 1077 3938 αὐτοῖς
1103 3854 1152 3936 είς

109 3952 214 4023 αὐτὸν
233 3958 370 4045 λέγεται.

160 4053 212 4127 Ἑν
239 4056 280 4146 δή
309 4061 443 4143 τούτοις
471 4065 527 4132 καλ
550 4062 683 4135 Ἱππίου
713 4065 848 4132 τουτουί
876 4068 937 4130 τοῦ
963 4059 1045 4133 καθ’
1065 4058 1188 4149 ήμάςε

167 4158 263 4203 ίιυοὶουί
278 4162 319 4205 υοί.
328 4162 366 4207 ίίί.
963 4164 981 4219 3
