2782 4574
141 220 147 257 λ

241 178 311 256 ’1)16
567 189 568 193 '
633 150 906 256 κουκῐεκοκ

270 425 406 482 ΔΟΡΚ.
412 352 532 478 Ᾱλλδι
549 411 605 497 καί
625 356 848 532 Φιλόστρατος
865 330 1092 495 προσέρχεται.

205 532 216 577 ἰἸ
297 529 385 585 HAN.
423 517 461 581 Τί
477 517 639 599 γένωμαις
656 537 731 590 πως
749 507 788 578 όν
805 535 847 594 με
864 506 885 596 ἡ
902 535 941 598 γη
927 514 1136 592 ’κςαταπίοι
1195 516 1207 541 ⁶

209 638 229 688 4
298 631 374 687 ΦΙΛ.
413 620 452 683 Τί
469 611 507 682 ού
527 619 674 700 πίνομεν,
694 640 721 680 ω
707 604 899 696 Παννυχίς

296 728 385 791 HAN.
416 714 599 807 Ανθρωπε,
620 713 835 796 ἀπολώλεκάς
851 740 904 801 με.
941 712 981 783 σὺ
1001 714 1038 783 δέ
1051 725 1157 804 χαῖρε,
1176 717 1283 783 Πολύ

124 799 127 801 ι
242 846 326 912 μων,
344 820 477 910 χρόνιος
494 826 620 909 φανείς.

297 940 392 995 ΠΟΑ
422 914 525 1003 Οὗτος
543 914 599 991 οὖν
621 928 672 1002 τίς
694 918 819 990 ἐστιν’
801 947 820 989 ο
837 916 989 1010 προσιὼν
1011 915 1107 1004 δμῖνς
1130 925 1282 1009 σιωπᾷςς

246 1016 283 1095 ού
300 1050 346 1112 γε,
366 1016 394 1093 ὦ
411 1031 566 1109 Παννυχί
597 1023 660 1114 ἐγὼ
680 1026 717 1092 δέ
733 1036 926 1111 πεμπταῖος
944 1022 979 1090 ἐκ
996 1025 1113 1091 Πυλῶν
1133 1023 1280 1109 διέπτην,
1330 1090 1333 1091 ⁷

240 1128 459 1216 δπειγόμενος
485 1127 529 1197 ἐπ
525 1131 544 1195 ί
502 1128 726 1216 πτοιαύτην
750 1139 896 1216 γυναῖκα
939 1128 996 1192 καὶ
1027 1127 1139 1193 δίκαια
1167 1129 1283 1210 μέντοι

245 1236 421 1314 πέπονθα,
444 1236 502 1299 καί
519 1256 575 1300 σοι
589 1232 686 1321 χάριν
704 1230 782 1315 έχω·
810 1227 919 1300 ούκέτι
935 1227 998 1318 γὰρ
1021 1226 1283 1317 διαρπασθήσο-

244 1359 309 1419 μαι
325 1329 392 1401 δπδ
412 1340 484 1402 σού.

299 1452 374 1507 ΦΙΔ.
409 1435 512 1505 Σὺδδ
527 1441 581 1527 τίς
597 1426 685 1518 εί,
657 1463 684 1502 ω
702 1434 868 1522 βέλτιστος

244 1638 394 1723 δικούειςς
410 1639 671 1730 χιλιαρχήσας
637 1667 676 1708 το
691 1647 835 1727 πρῶτον,
849 1667 904 1708 νυν
918 1641 954 1707 δ
968 1640 1188 1726 ἐξαναστήσας
1201 1664 1283 1707 πεν-

244 1746 410 1826 τακισχιλί
411 1769 450 1810 αν
472 1740 559 1812 δισπί
546 1745 614 1827 ί,δα
640 1742 778 1834 ἐραστής
799 1755 927 1826 Πυνυυχ
929 1737 1050 1825 ί,’δος
1037 1738 1092 1810 ότε
1112 1738 1208 1887 ᾤμην
1230 1740 1359 1815 ότι

153 1873 157 1877 ·
199 1926 200 1935 ¹
246 1842 448 1934 ἆνθραίπινα
466 1859 599 1935 φρονεῖν
618 1845 728 1935 αότήν.

298 1965 374 2019 ΦΙΔ.
404 1946 552 2018 Αλλδι
515 1976 559 2017 τα
575 1955 631 2018 νῦν
649 1974 717 2031 σοι,
742 1975 768 2016 ω
755 1940 913 2035 ξεναγέ,
937 1948 1097 2030 Παννυχὶς
1115 1946 1211 2036 έμή’
1195 1970 1278 2031 εστι,

246 2070 304 2120 και
292 2053 479 2121 τάλαντον
497 2053 622 2142 ε’ίληφε,
642 2053 786 2141 λήψεται
805 2053 841 2119 δὲ
857 2048 919 2140 ήδη
933 2050 1022 2118 καλ’
1003 2076 1121 2139 ετερον,
1143 2049 1282 2119 ἐπειδὰν

245 2154 288 2223 τὰ
307 2161 429 2245 φορτία
448 2157 665 2241 διαθώμεθα.
700 2181 757 2223 και
773 2160 828 2223 νῦν
846 2150 1027 2221 ἀκολούθει
1047 2178 1120 2239 μοι,
1145 2145 1172 2220 ὦ
1190 2165 1282 2222 Παν-
1374 2198 1375 2215 2

243 2261 325 2343 νυχί,
345 2266 461 2327 τοῦτον
480 2260 516 2326 δὲ
533 2254 611 2348 παρ’
628 2255 795 2347 Ὀδρύσαις
810 2258 988 2345 χιλιαρχεῖν
1006 2256 1055 2324 έα.

78 1560 97 1583 f
146 1632 150 1639 Ι
207 1586 210 1589 -
292 1556 386 1611 Πολ.
396 1535 895 1626 οοτις·ΠολέμωνὸΣτειριεδς
907 1536 1137 1618 [Πανδιονίδος
1146 1538 1280 1625 φυλήςῙ

296 2356 406 2432 ΔΟΡΚ.
437 2359 616 2450 Ἐλευθέρα
632 2365 691 2446 μέν
709 2359 848 2428 ἐστικαὶ
862 2352 1094 2449 ἀκολουθήσει,
1113 2355 1152 2447 ἢν
1166 2357 1280 2448 ίθέλη.

296 2479 383 2535 ΠΑΝ.
408 2470 461 2532 -Τί
476 2470 576 2545 ποιῶ,
597 2464 742 2552 Δορκόςς

297 2583 406 2638 ΔΟΡΚ.
427 2567 579 2635 Είσιέναι
592 2561 733 2651 ἄμεινον.
763 2562 960 2654 ὀργιζομένῳ
979 2562 1039 2648 θῦλ
1057 2563 1177 2635 θῖόίῖε
1190 2589 1281 2656 παρ’

246 2681 332 2737 εῖναι
348 2672 531 2754 Πολέμωνι,
549 2671 605 2736 καὶ
621 2671 746 2755 μᾶλλον
764 2667 1010 2757 ἐπιταθήσεται
1028 2669 1230 2756 ζηλοτυπῶν.

296 2787 383 2841 ΠΑΝ.
417 2771 462 2839 Εἰ
480 2771 617 2854 ἐθέλεις,
637 2771 811 2856 εἰσίωμεν.’

209 2894 227 2942 ⁵
296 2889 383 2943 ΠΟΔ.
418 2870 510 2942 m&
527 2878 678 2965 προλέγω
697 2872 774 2960 ύμῖν
793 2869 845 2941 ότι
862 2871 901 2947 τό
920 2869 1061 2941 ύστατον
1078 2877 1204 2940 πίεσθε
1221 2873 1282 2962 τή-

243 3000 357 3065 μερον,
385 2972 407 3065 ἢ
433 2976 539 3065 μάτην
562 2976 625 3065 ἐγώ
647 2977 821 3057 τοσούτοις
843 2977 961 3067 φόνοις
984 2976 1282 3065 ἐγγεγυμνασμένος

244 3079 396 3168 πάρειμι.
432 3078 509 3160 τοὺς
528 3088 668 3170 θρᾷκας,
687 3071 716 3148 ιδ
738 3085 933 3169 Παρμένων·
957 3076 1161 3164 ὠπλισμένοι
1183 3076 1283 3168 ήκόν-
1374 3140 1375 3195 η

242 3207 318 3264 των,
343 3181 567 3273 ἐμφράξαντες
583 3181 641 3252 τὸν
659 3181 827 3252 στενωπὸν
844 3189 884 3273 τῇ
907 3183 1067 3271 φάλαγγι,
1092 3181 1150 3251 δπί
1170 3183 1283 3268 μετιό-

243 3309 311 3353 που
334 3286 392 3371 μὲν
413 3284 452 3353 τὸ
476 3283 660 3369 ὁπλιτικὸν,
689 3283 766 3376 παρ’
785 3284 922 3375 ἑκάτερα
945 3286 981 3352 δέ
1004 3285 1037 3353 οί
1059 3285 1282 3375 σφενδονῆται

243 3391 300 3455 καί
316 3388 460 3472 τοξόται,
481 3389 514 3458 οί
532 3391 569 3459 δέ
587 3386 682 3457 ἄλλοι
699 3389 851 3457 κατόπιν.

296 3507 372 3563 ΦΙΔ.
396 3489 444 3573 Ὦς
460 3496 672 3584 βρεφυλλίοις
684 3498 797 3574 ταῦτα,
818 3482 1063 3581 ὦμισθοφόρε,
1082 3487 1161 3580 ήμῖν
1174 3492 1283 3578 λέγεις

242 3598 300 3664 καὶ
315 3591 537 3685 μορμολύττῃ.
567 3595 608 3664 σὺ
627 3593 689 3684 γὰρ
709 3586 906 3682 όλεκτρυόνα
924 3595 1067 3663 πώποτε
1085 3590 1282 3672 ἀπέκτεινας

242 3697 265 3788 ἢ
285 3702 432 3786 πόλεμον
455 3697 556 3785 είδεςς
583 3698 757 3789 έρυμότιον
779 3697 965 3788 ἐφρούρεις,
989 3697 1075 3782 τύχα
1093 3697 1283 3793 διμοιρίτης

244 3799 300 3886 (δν,
319 3803 375 3871 ἵνα
391 3806 447 3871 καί
464 3808 563 3871 τούτο
581 3807 859 3892 προσχαρίσωμαί
875 3826 940 3870 σοι.

295 3922 382 3978 ΠΟΔ.
417 3909 484 3975 Καὶ
505 3904 569 3995 μήν
591 3907 663 3996 ε’ίση
685 3901 753 3991 μετ’
770 3902 889 3993 ὀλίγον,
915 3902 1053 3983 δπειδδιν
1075 3900 1282 3993 προσιόντας

242 4006 330 4099 ἡμᾶς
347 4008 405 4078 έπί
423 4010 502 4097 δόρυ
521 4009 641 4100 θεόση,
661 4011 853 4097 στίλβοντας
869 4019 941 4089 τοῖς
959 4003 1088 4088 όπλοις.
