2730 4584
360 230 500 289 LXXIX.
525 229 545 269 ὓ
561 231 704 289 Nam
724 231 811 287 3-9.
1041 220 1107 287 305

69 294 192 435 θαρρεῖ
208 335 312 426 αὖτῷ,
329 336 514 428 χρωμάτων
533 337 570 404 δέ
586 339 832 428 φιλανθρωπίᾳ
848 338 905 405 καὶ
921 339 1104 429 μελοποιίᾳ

70 445 224 535 εάαγώγῳ
242 442 302 527 μέν
321 439 360 529 δὴ
378 443 435 508 καὶ
452 440 622 543 κιθαρῳδί
622 467 644 529 φ
662 436 817 509 εὐσταλεῖ
832 442 888 507 καλ
909 446 957 530 τῶ
976 430 1014 509 σά
1030 466 1105 512 καο-

70 549 126 639 ρὸς
150 546 291 635 βαδίσαι
317 546 374 613 καλ
401 549 517 633 στῆναι
542 545 599 612 καλ
627 549 829 668 μεταστῆναι
855 543 975 617 καὶτὸ
1001 549 1106 629 νεῦμα
1234 560 1238 566 ·
1358 508 1359 595 ᾗ

73 653 272 737 ἐξομοιῶσαι
296 660 370 728 τοῖς
399 651 545 732 μέλεσιν,
575 646 774 735 αίσχάνην”
755 671 885 733 εχοντος
914 646 1018 731 μόνον
1044 651 1106 719 τοῦ
1214 670 1218 679 ·

69 755 209 842 βασιλέα
239 753 347 821 δοκεῖν
379 748 535 841 ἀκριβοῦν
560 758 675 819 ταῦτα.
725 749 756 819 εί
789 751 827 819 δέ
856 762 994 836 μιμοῖτο
1025 747 1138 830 τοάςν

71 862 270 947 κρείττονας,
298 860 363 944 φεῦ
385 858 540 942 γέλωτος,
567 851 615 935 ῶς
637 851 744 934 πολδς
764 859 830 921 τῶν
852 858 1031 939 θεωμένων
1053 851 1105 921 ἐνο-

71 964 206 1041 πίπτευ,
231 963 343 1029 καίτοι
361 963 490 1047 μυρίων
512 956 629 1047 φόβων
653 957 896 1047 ἐπηρτημένων,
925 957 959 1025 εί
976 982 1028 1039 τις
1051 951 1103 1025 ἐπ’

71 1058 162 1149 αάτῶ
179 1059 302 1148 γελώη·
328 1060 416 1129 νεάει
436 1062 496 1145 μὲν
517 1060 581 1149 γὰρ
598 1067 658 1129 τοῦ
679 1065 814 1150 μετρίου
836 1063 938 1129 πλέον
956 1060 1106 1148 συνάγων
1235 1098 1239 1103 -

70 1163 273 1249 τὸπνεῦμα,
298 1159 350 1231 ἐπ’
370 1159 528 1254 άνρωνδ
548 1165 683 1233 ἵσταται
700 1171 766 1230 τῶν
783 1163 898 1232 ποδῶν
915 1159 1106 1248 ἀνακλώμε-

71 1292 126 1346 νος
151 1263 265 1355 ῶσπερ
294 1265 329 1333 σί
359 1264 418 1335 ἐπὶ
443 1273 504 1335 τοῦ
529 1274 678 1357 τροχοῦ..
703 1267 805 1356 φύσει
832 1264 863 1333 δ
888 1262 1088 1391 ἐρυθρὸς
1058 1292 1105 1332 ων

76 1367 208 1457 ἐρεύθει
223 1370 359 1453 μάλλον,
379 1366 690 1495 ἐμπιπραμένοο’
652 1375 741 1458 αυτῷ
760 1376 821 1437 τοῦ
838 1369 1041 1455 προσώπου·
1064 1364 1103 1436 τὸ

71 1471 110 1581 δέ
125 1476 255 1556 πνεῦμα
273 1468 382 1559 ὀλίγον
398 1470 510 1540 καὶ
473 1498 531 1541 ουκ
550 1469 705 1562 ἀποχρῶν
722 1499 763 1562 τη
747 1473 957 1560 σπουδῇ.

121 1588 212 1644 ΜΕΝ.
249 1570 344 1676 (λῖδ
366 1564 537 1663 ἐνάγῶνι
548 1573 635 1664 πρὸς
662 1572 761 1645 αὐτὸν
782 1581 857 1655 πῶς
879 1571 928 1663 ἀφ
931 1580 1047 1669 ίεντοιι,
1077 1560 1140 1641 ῶ8

70 1675 261 1759 Μουσώνιε,
282 1682 375 1766 τέχνῃ
393 1678 457 1767 γάρ
475 1702 542 1746 που
558 1680 760 1767 χαρίζονται.

122 1794 239 1851 ΜΟΥΣ.
281 1784 379 1869 Τέχνη
405 1782 477 1864 μέν,
507 1776 622 1870 ῶσπερ
649 1781 683 1848 οἱ
707 1771 886 1849 ἀποπάλαί
873 1787 986 1860 ίοντες.
1033 1774 1103 1847 ἀλλ’

65 1881 316 1970 ἐνθυμήθητι,
321 1908 348 1948 ω
334 1872 580 1971 Μενέκρατες,
603 1883 661 1952 τὸν
682 1892 740 1972 τῆς
757 1881 982 1974 τραγῳδίας(
964 1907 1105 1970 υποκρι-

68 2012 140 2074 την,
165 1981 213 2064 ώς
235 1980 368 2069 Ἰσθμοῖ
389 1982 572 2054 ἀπέθανεν·
600 1986 665 2054 εἰσί
689 1986 808 2075 γὰρί
774 1987 919 2054 κίνδυνοι
943 1988 999 2052 καὶ
1024 1986 1105 2070 περί

68 2087 130 2168 τὰς
147 2093 274 2170 τέχνας,
293 2083 333 2175 ἢν
351 2086 558 2157 ἐπιτείνωσιν
576 2088 610 2154 οί
625 2089 840 2171 τεχνάζοντος.

123 2205 213 2259 ΜΕΝ.
247 2191 315 2257 Καὶ
331 2194 365 2257 τί
381 2197 492 2272 τοῦτο,
511 2189 702 2274 Μουσώνιε,·
729 2191 863 2280 σφόδρα
883 2188 945 2278 γὰρ
968 2185 1107 2276 ἀνήκοος

69 2293 258 2380 τοῦλόγου.

37 2446 41 2451 2
122 2412 239 2467 ΜΟΥΣ.
262 2393 371 2464 Ἄκουε
390 2395 430 2485 δὴ
448 2396 547 2484 λόγον
567 2394 697 2465 ἀτόπου
714 2398 783 2484 μέν,
804 2395 837 2465 ἐν
854 2393 1051 2485 ὀφθαλμοῖς
1068 2394 1106 2464 δέ

40 2584 47 2591 Δ
66 2495 225 2587 Ἑλλήνων
238 2504 483 2587 πεπραγμένου.
507 2498 642 2585 Ἰσθμοῖ
655 2498 718 2588 γὰρ
735 2501 838 2587 νόμου
857 2504 1005 2585 κειμένου
1023 2498 1107 2587 μήτε
1124 2517 1139 2566 9

69 2603 249 2688 κωμῳδίαν
272 2600 496 2690 ἀγωνίζεσθαι
516 2602 599 2692 μήτε
625 2604 825 2693 τραγῳδίαν,
849 2601 958 2671 ἐδόκει
977 2606 1108 2691 Νέρωνι

69 2700 262 2793 τραγῳδοὺς
279 2712 380 2774 νικᾶν.
416 2709 473 2774 καὶ
489 2711 667 2795 παρῆλθον
686 2705 719 2787 ἐς
740 2704 799 2795 τὴν
821 2702 963 2794 ἀγωνίαν
985 2705 1106 2793 ταύτην

69 2807 209 2886 πλείους
225 2808 293 2892 μέν,
308 2803 327 2874 ὅ
342 2804 373 2874 δ’
382 2804 584 2899 Ἠπειρώτης
602 2807 723 2898 άριστα
740 2817 853 2901 φωνῆς
870 2808 960 2893 έχων,
980 2803 1108 2875 εὐδοκο-

68 2913 144 2993 μῶν
164 2905 196 2975 δ’
212 2906 263 2976 ἐπ’
276 2906 357 2998 αὐτῇ
375 2913 431 2976 καὶ
449 2912 704 2996 θαυμαζόμενος
722 2912 936 3001 λαμπρότερα
952 2916 1012 2978 τοῦ
1030 2909 1107 3002 εἰω-

69 3011 179 3090 θότος
198 3010 379 3079 ἐπλάττετο
391 3014 448 3077 καὶ
460 3018 519 3079 τοῦ
537 3013 703 3099 στεφάνου
723 3013 799 3100 ἐρᾶν
815 3017 872 3080 καὶ
883 3011 962 3100 μηδ’
975 3011 1108 3103 ἀνήσειν

68 3108 236 3200 πρότερον
254 3110 276 3201 ἢ
290 3114 368 3179 δέκα
384 3114 530 3181 τάλαντα
549 3113 666 3181 δοῦναί
684 3113 717 3180 ολ
729 3120 866 3203 Νέρωνα
883 3111 967 3203 ὑπὲρ
984 3122 1044 3202 τῇς
1059 3121 1109 3183 νί-
1213 3196 1216 3205 y

68 3239 140 3301 κης.
178 3210 197 3281 ὃ
221 3211 252 3280 δ’
272 3211 420 3304 ἠγρίαινέ
439 3218 549 3285 τεκαὶ
570 3222 715 3300 μανικῶς
734 3212 814 3299 εἶχε·
840 3214 974 3304 καὶγὰρ
994 3215 1032 3305 δὴ
1051 3220 1108 3285 καί

69 3314 216 3407 ἠκροᾶτο
234 3313 302 3387 ἀπὸ
320 3324 361 3408 τῇ
379 3324 478 3408 σκηνῇ
497 3314 549 3398 ἐπ’
566 3314 656 3406 αάτῳ
676 3316 716 3407 δὴ
732 3315 865 3405 τάγώνι.
894 3316 1050 3404 βοώντων
1074 3319 1111 3385 δέ

68 3426 140 3488 τῶν
154 3417 311 3513 Ἑλλήνων
329 3422 387 3493 ἐπὶ
404 3429 452 3549 τῳ
466 3419 666 3511 Ἠπειρώτῃ,
690 3425 846 3507 πέμπει
836 3419 894 3489 τὸν
913 3426 1110 3512 γραμματέα

70 3522 254 3591 κελεύων“
236 3538 371 3614 υφεῖναι
394 3522 484 3616 αὖτῳ
506 3533 633 3595 τοῦτον.
667 3532 728 3594 τοῦ
751 3525 789 3593 δέ
809 3521 1048 3613 υπεροίροντος
1069 3522 1109 3592 τὸ

4 3643 10 3662 ·
69 3628 216 3715 φθέγμα
243 3630 300 3693 καί
326 3630 511 3715 δημοτικῶς
537 3629 700 3719 ἐρίζοντος
726 3628 892 3715 ἐσπέμπει
913 3634 1028 3715 Νέρων
1056 3622 1109 3695 ἐπ’

69 3724 278 3817 ἀκριβάντων
295 3754 372 3810 τους
394 3726 553 3798 έαυτοῶ’
534 3732 717 3823 υποκριτδις
738 3730 810 3801 οῖον
832 3727 1059 3822 προσηκοντάς
1076 3755 1125 3799 τι·
1180 3778 1188 3795 η.

67 3836 122 3920 τῷ
145 3831 328 3921 πράγματι.
368 3835 424 3901 καὶ
445 3831 508 3920 γὰρ
532 3831 572 3921 δη
593 3838 650 3904 καί
671 3836 805 3914 δέλτους
826 3834 1038 3922 ἐλεφαντίνας
1054 3834 1112 3903 καλ

71 3926 240 4023 διθύρους
272 3940 538 4026 προβεβλημένοι
568 3933 671 4016 αάτάς
701 3934 817 4026 ῶσπερ
848 3936 1026 4027 ἐγχειρίδια
1055 3937 1112 4004 καλ

69 4035 131 4107 τὸν
162 4036 365 4131 Ἠπειρώτην
400 4037 642 4134 ἀναστήσαντες
674 4037 762 4133 πρὸς
793 4040 853 4112 τὸν
884 4037 985 4129 ἀγχοῦ
1018 4043 1113 4109 κίονα

126 4141 224 4190 Ειιείοιιί
237 4143 333 4203 vol-111·¹
904 4143 941 4208 20
