2792 4580
239 222 348 279 LXXI.
374 223 634 282 ΣΥΜΠΟΣΙΟΝ
654 226 684 281 Η
705 225 886 282 ΔΑΠΙΔΑῙ
907 224 1026 282 10-15.
1085 214 1150 280 207

113 326 458 417 ῦποτονθορύζοντες·
485 330 519 410 λς
540 336 653 415 μέντοι
674 328 714 399 τὸ
737 329 879 420 φανερὸν
897 328 1005 411 οὐδεὶς
1027 331 1151 416 ἐτόλμα
1199 368 1208 381 ·

113 436 236 519 λέγειν·
274 431 479 501 ἐδεδοίκεσαν
509 431 571 520 γάρ
597 432 654 502 τὸν
676 431 926 519 Ἀλκιδάμαντα,
956 432 1038 522 βοήν
1069 431 1151 521 άγα-

114 532 184 605 θὸν
216 533 295 602 όντα
320 538 377 602 καὶ
401 536 661 622 κρακτικώτατον
688 543 791 603 κυνῶν
823 533 993 615 ἁπάντων,
1009 535 1103 627 ’παρ’
1129 538 1147 605 ὃ

112 640 171 707 καὶ
199 635 341 722 ἀμείνων
368 636 477 706 ἐδόκει
497 641 553 705 καὶ
575 639 810 728 φοβερώτατος
831 629 870 728 ήν
892 635 1029 707 ἅπασιν.
1069 636 1088 708 ό
1112 642 1149 708 δέ
1168 660 1202 709 13

109 739 352 829 Ἀρισταίνετος
374 738 553 821 ἐπαινέσας
575 738 674 811 αύτὸν
697 741 823 810 έκίλευε
844 743 968 832 θρόνον
989 741 1064 810 τινὰ
1090 745 1149 813 λα-

112 844 219 930 βόντα
244 844 451 924 καθίζεσθαι
477 840 555 931 παρ’
572 841 727 915 Ἱστιαῖόν
750 870 787 912 τε
809 848 865 913 καὶ
886 847 1148 935 Διονυσόδωρον.

85 957 88 965 “
114 943 134 1013 δ
151 946 198 1027 δέ,
214 940 379 1033 “Zinaysj'
400 950 493 1036 φησὶ,
505 944 711 1034 ι’γυναικεῖον
724 950 829 1036 λέγεις
841 953 896 1016 καὶ
909 949 1083 1035 μαλθακὸν
1092 949 1149 1021 ἐπὶ

111 1049 242 1136 θρόνου
260 1050 467 1131 καθίζεσθαι
479 1047 501 1138 ή
515 1053 708 1136 σκίμποδος,
724 1047 838 1140 ῶσπερ
856 1048 949 1138 ῦμεῖς
969 1051 1026 1120 ἐπὶ
1042 1056 1151 1138 μαλα-

109 1158 171 1239 κής
188 1151 310 1240 ταύτης
327 1151 420 1241 εύνής
436 1160 554 1243 μικροῦ
573 1155 640 1221 δεῖν
658 1149 775 1221 ῦπτιοι
790 1161 1017 1240 κατακείμενοι
1039 1156 1151 1223 ἑστιᾶ-

114 1261 192 1337 σθε,
212 1256 424 1345 πορφυρίδας
437 1253 710 1345 ῦποβεβλημένοι.
733 1256 796 1344 ἐγὼ
812 1258 848 1324 δέ
860 1254 919 1325 κδν
938 1255 1150 1347 ὀρθοστάδην

115 1358 346 1446 δειπνήσαιμι,
367 1357 603 1448 ἐμπεριπατῶν
622 1356 691 1445 ἅμα
707 1366 755 1447 τῷ
775 1366 967 1447 συμποσίῳ·
992 1361 1021 1428 εἰ
1040 1362 1149 1429 δὲκαὶ

113 1460 269 1544 κάμοιμι,
290 1464 396 1546 χαμαί
417 1461 474 1530 τὸν
495 1470 640 1552 τρίβωνα
648 1459 907 1548 ’ῦποβαλόμενος
923 1469 1077 1548 κείσομαι
1095 1460 1147 1531 ἐπ’

113 1559 261 1650 ἀγκῶνος
283 1562 353 1631 οῖον
375 1563 432 1632 τὸν
450 1562 606 1656 Ἡρακλέα
627 1562 842 1654 γράφουσιν.”
884 1560 1047 1646 ((οῦτωςῗ
1072 1565 1147 1654 ἐ’φη,

111 1662 332 1752 “μιμνέσθω,”
353 1664 631 1755 δίῖρισταίνετος,
648 1666 706 1737 “εἰ’
721 1693 777 1736 σοι
793 1664 916 1756 ήδισν.”
951 1667 1058 1760 καὶτὸ
1078 1666 1149 1738 ἀπὸ

110 1769 233 1836 τούτου
252 1768 391 1856 περιιών
410 1770 443 1837 έν
455 1773 561 1859 κύκλῳ
577 1769 799 1857 δΆλκιδάμας
813 1772 966 1854 ἐδείπνει,
987 1768 1100 1862 ῶσπερ
1115 1771 1150 1838 οἱ

112 1871 248 1941 Σκύθαι
264 1871 351 1959 πρὸς
371 1871 429 1961 τήν
452 1871 815 1964 άφθονωτέραννομην
836 1876 1150 1961 μετεξανιστάμενος

114 1976 172 2041 καί
189 1986 261 2054 τοῖς
278 1981 499 2066 περιφέρουσι
516 1976 559 2044 τδι
577 1974 649 2065 όψα
668 1985 947 2066 συμπερινοστῶν.

165 2080 233 2144 Καὶ
249 2083 362 2163 μέντοι
379 2083 433 2147 καὶ
452 2081 645 2165 σιτούμενος
663 2079 790 2167 ἐνεργὸς
807 2072 846 2168 ήν
864 2077 981 2168 άρετής
997 2085 1076 2169 πέρι
1090 2083 1148 2150 καὶ
1168 2101 1201 2148 14

112 2186 229 2260 κακίας
245 2180 366 2265 μεταξὺ
386 2183 516 2265 διεξιών
528 2188 584 2251 καὶ
602 2183 635 2264 ές
651 2182 708 2251 τὸν
724 2182 845 2271 χρυσὸν
862 2186 917 2250 καλ
934 2181 990 2250 τὸν
1009 2179 1148 2271 ἄργυρον

113 2280 364 2352 ἀποσκώπτων·
390 2282 504 2374 ἠρώτα
520 2292 598 2373 γοῦν
614 2284 673 2354 τὸν
687 2281 932 2374 Ἀρισταίνετον,
956 2291 991 2353 τί
1011 2286 1148 2371 βούλον-

113 2412 172 2454 ται
191 2383 279 2474 αύτῷ
299 2388 334 2454 αλ
355 2396 516 2456 τοσαῦται
532 2394 588 2456 καὶ
610 2393 802 2476 τηλικαῦται
822 2390 949 2467 κύλικες
970 2394 1036 2455 τῶν
1053 2413 1149 2475 κερα-

50 2553 54 2559 ,
112 2495 202 2575 μεῶν
220 2490 293 2556 ἰ’σον
312 2491 505 2576 δυναμένων.
543 2490 611 2559 ἀλλ’
628 2492 748 2561 ἐκεῖνον
765 2494 824 2578 μέν
840 2489 903 2580 ήδη
922 2492 1148 2574 διενοχλοῦντα

114 2591 258 2663 ἔπαυσεν
272 2591 306 2672 ἐς
318 2592 356 2660 τὸ
371 2593 480 2682 παρὸν
486 2593 731 2685 Ἀρισταίνετος,
750 2602 797 2684 τῷ
811 2597 911 2664 παιδὶ
923 2595 1041 2674 νεύσας
1055 2591 1149 2679 εῦμε-

114 2700 202 2782 μέθη
221 2696 346 2783 σκύφον
370 2693 548 2766 ἀναδοῦναι
566 2696 670 2786 αύτῷ,
695 2699 874 2787 ζωρότερον
893 2696 1057 2786 ἐγχέαντα.
1092 2701 1149 2766 καὶ

115 2797 224 2885 Ιιῖεδόκει
243 2796 363 2886 άριστα
382 2799 623 2888 ἐπινενοηκέναι
636 2799 693 2869 οῦκ
708 2800 805 2880 εἰδώς
823 2796 910 2869 όσων
927 2806 1033 2867 κακῶν
1049 2796 1149 2889 ἀρχὴν

115 2896 135 2967 δ
154 2900 281 2989 σκύφος
300 2900 420 2981 ἐκεῖνος
438 2901 635 2971 ἐνεδεδώκει.
656 2902 773 2987 ’λαβὼν
787 2904 823 2970 δέ
842 2899 1149 2994 άμα-δᾍλκιδάμας

115 3001 247 3090 ἐσίγησε
263 3003 378 3089 μικρὸν
395 3008 451 3071 καλ
469 3005 502 3084 ές
519 3003 688 3095 τοῦδαφος
705 3004 898 3090 καταβαλών
912 3004 1028 3073 ἑαυτὸν
1043 3005 1148 3074 ἔκειτο

114 3102 308 3193 ἡμίγυμνος,
333 3103 447 3196 ῶσπερ
465 3105 649 3196 ἠπειλήκει,
673 3109 781 3195 πήξας
803 3105 860 3175 τὸν
878 3105 1008 3194 άνκῶνα
1031 3105 1146 3195 ὀρθὸν,

115 3207 198 3290 ἔχων
217 3204 286 3294 άμα
302 3208 360 3277 τδν
378 3211 502 3299 σκύφον
520 3208 553 3277 ἒν
570 3216 609 3298 τῇ
631 3210 732 3298 δεξιᾷ,
752 3208 823 3289 οἷος
842 3207 859 3276 ὁ
878 3208 972 3296 παρὰ
988 3216 1035 3296 τῳ
1053 3211 1147 3296 Φόλῳ

111 3308 269 3399 Ἡρακλής
282 3309 349 3380 ῦπὸ
362 3319 428 3381 τῶν
440 3319 594 3403 γραφέων
613 3314 785 3381 δείκνυται.
812 3308 874 3400 ήδη
895 3312 930 3378 δὲ
948 3313 1003 3377 καὶ
1019 3310 1054 3390 ’ἒς
1070 3307 1148 3390 τοῦς
1168 3329 1202 3378 15

116 3408 237 3493 ἄλλους
255 3422 396 3499 συνεχῶς
417 3423 645 3504 περιεσοβεῖτο
663 3412 682 3504 ή
701 3415 795 3496 κύλιξ
810 3416 865 3481 καί
883 3416 1077 3502 φιλοτησίαι
1093 3416 1148 3481 καὶ

117 3511 247 3599 ὁμιλίαι
264 3521 318 3586 καλ
336 3525 434 3607 φῶτα
452 3520 704 3607 εἰσεκεκόμιστο.
742 3517 775 3586 ἓν
791 3517 942 3605 τοσούτῳ
962 3512 993 3584 δ’
1010 3515 1072 3604 ἐγώ
1090 3514 1148 3584 τὸν

115 3626 317 3706 παρεστῶτα
337 3628 385 3709 τῳ
406 3624 588 3711 Κλεοδήμῳ
614 3625 723 3692 παῖδα
750 3622 897 3705 οἰνοχόον
924 3615 1002 3687 ῦντα
1025 3616 1148 3706 ῶραῖον

117 3719 198 3789 ἷδῶν
216 3719 465 3808 ὑπομειδιῶντα
482 3763 525 3775 -
539 3725 601 3814 χρὴ
619 3724 695 3815 γάρ,
715 3721 823 3809 οἶμαι,
843 3726 899 3789 καλ
916 3718 981 3789 ὅσα
998 3721 1149 3808 πάρεργα

115 3829 175 3911 τῆς
193 3823 373 3907 ἑστιάσεως
391 3827 506 3910 εἰπεῖν,
529 3832 585 3894 καὶ
602 3830 748 3913 μάλιστα
766 3827 799 3894 τῖ’
812 3852 846 3893 τι
864 3821 949 3912 πρὸς
966 3821 1004 3889 τὸ
1023 3824 1149 3910 μλαφυ-
1203 3838 1210 3853 ’

116 3927 262 4018 ρώτερον
284 3929 438 4019 ἐπράχθη
457 3966 499 3978 -
516 3931 606 4014 μάλα
632 3927 693 4019 ήδη
721 3928 974 4018 παρεφύλαττον
996 3919 1017 3992 δ’
1037 3950 1071 3991 τι
1092 3925 1148 3993 καὶ

114 4032 312 4116 μειδιάσειε.
347 4037 403 4102 καί
424 4031 507 4120 μετὰ
528 4030 644 4122 μικρὸν
663 4029 680 4101 δ
697 4033 758 4118 μὲν
779 4032 971 4122 προσῆλθεν
993 4024 1039 4108 ῶς
1061 4023 1149 4096 άπο-
1252 4050 1256 4059 ’
