2792 4580
378 234 513 289 Lxxw.
539 228 913 289 υενεοεοοιῑυειε
936 237 977 289 ω.
1129 194 1200 287 277.
1255 271 1267 281 .

212 356 299 411 ΣΟΛ.
337 338 382 404 Εἴ
394 363 454 420 μοι
468 340 577 404 πάντα
591 334 750 417 ἒπέλθοις
767 334 832 406 όσα
850 339 916 428 φῂς
935 343 1123 421 σολοικίσας
1136 339 1194 426 λμὲ

106 518 110 525 ,
160 448 281 513 λαθεῖν
298 443 354 507 καλ
372 435 482 526 παρ’λί
499 467 533 507 τι
552 439 686 507 ἕκαστον
705 445 959 508 σεσολοίκισται.
1244 453 1245 457 ’

214 550 297 616 ΛΥΚ
334 533 560 629 Μηδαμιῡς,
534 569 560 607 ιυ
576 539 704 629 ἄριστε·
722 543 845 630 μακρὸν
863 544 925 631 γὰρ
940 542 979 611 άν
993 544 1197 633 ποιήσαιμεν

162 647 218 716 τὸν
236 648 399 731 διάλογον.
428 640 512 710 ἀλλὰ
530 649 636 747 περλρ
638 648 682 712 ιλν
700 648 824 712 τούτων
842 647 948 726 ἔξεστί
963 672 1016 714 σοι
1030 648 1130 714 καθ
1119 650 1193 715 έκα-

162 775 240 818 στον
259 746 368 816 αὐτῶν
386 738 640 815 πυνθάνεσθαι
662 777 717 815 νυν
736 747 802 814 δ
784 746 863 835 περ’
878 746 963 816 άττα
986 750 1192 833 ἐπέλθωμεν,

162 878 193 919 ει
183 853 310 918 ’.δοκεῖ
337 853 394 916 καλ
411 850 545 935 πρῶτόν
562 877 598 937 γε
617 849 698 917 αὑτὸ
716 858 814 917 τοῦτο
832 850 870 918 τὸ
890 850 973 918 άττα
991 879 1035 939 μη
1055 854 1191 932 δασέως,

162 953 246 1022 ἀλλὰ
266 952 429 1038 ψιλῶς)
394 966 579 1039 εςενεγκεῖν,
604 946 719 1076 ὀρθῶς
742 979 791 1041 φα
793 961 894 1020 ίνεται
913 956 1043 1041 ῥηθὲνι
1045 955 1116 1022 ιυτόι
1134 962 1196 1020 τοὺ

163 1057 258 1149 ἕτερα
272 1061 518 1138 συντιθέμενον
536 1055 581 1140 μὴ
590 1055 657 1177 γὰρ
671 1050 777 1134 οὑτως
795 1053 948 1141 άλογον’
931 1084 969 1142 ην
989 1054 1038 1124 άν.
1077 1056 1193 1122 ἔπειτα

131 1234 134 1239 ,
160 1158 200 1227 τὸ
219 1165 277 1245 τῆς
295 1154 541 1284 ὑβρειυς,“ηνμε
556 1159 621 1246 φῂς
635 1156 770 1246 ὑβρίσαι
784 1183 830 1239 σε,
851 1154 937 1246 εἰμὴ
953 1157 1040 1225 οὑτω
1054 1161 1192 1245 λέγοιμι,

162 1259 262 1329 άλλΗ
248 1286 281 1340 ες
300 1262 345 1340 σὲ,
366 1267 467 1347 φαίην
485 1258 525 1329 ιλν
536 1257 646 1385 η’διον.

215 1379 301 1433 ΣΟΛ.
333 1361 444 1448 Εγὼμ
445 1363 490 1428 ιὲν
509 1362 567 1429 οὑκ
586 1363 648 1445 ε’χω
668 1364 784 1431 εἰπεῖν.

212 1481 297 1534 ΛΥΚ.
326 1461 392 1532 Ὁτι
409 1463 488 1547 τὸμ
492 1465 575 1532 νσε
564 1463 776 1550 ὑβρίζειν
744 1492 782 1533 το
798 1490 896 1549 σωμα
887 1463 1027 1532 ἐστι
994 1491 1032 1531 το
1049 1490 1106 1532 σον
1120 1491 1195 1552 ητοι
1259 1475 1263 1482 ’

162 1564 343 1653 πληγαῖςῆ
353 1568 497 1651 δεσμοῖς
515 1564 536 1655 ἢ
553 1572 608 1634 καὶ
627 1566 716 1654 άλλω
734 1568 860 1655 τρόπω,
880 1566 918 1634 τό
939 1567 1007 1633 δὲ’
993 1593 1026 1644 ες
1044 1568 1094 1647 σὲ,
1116 1564 1195 1634 όταν

162 1670 196 1749 ές
213 1696 246 1736 τι
263 1675 329 1736 τιὺν
348 1677 415 1735 σιδν
432 1668 615 1757 γίγνηται
597 1698 617 1757 η
641 1667 746 1758 ὑβρις.
785 1675 840 1736 καὶ
862 1653 924 1756 γάρ
948 1666 1040 1749 ὅστις
1057 1682 1195 1754 γυναῖκα

162 1769 256 1859 ὑβρί
227 1773 258 1837 ζ
258 1796 287 1838 ει
299 1769 409 1859 τὴν]
369 1769 403 1837 σί
400 1799 436 1858 γυ,
458 1770 491 1850 ἒς
504 1798 524 1838 σ
526 1770 692 1858 λὺβρίζιι,
713 1776 768 1839 καὶ
787 1769 879 1851 ὅστις
892 1774 1000 1838 παῖδα
1013 1777 1070 1838 καὶ
1083 1798 1109 1861 ῳ
1113 1778 1191 1851 ίλον,

161 1878 219 1941 καὶ
237 1870 329 1952 ὅστις
344 1900 381 1960 γε
400 1874 534 1961 οἰκέτην.
571 1875 656 1961 πλὴν
674 1874 736 1962 γάρ
760 1879 1065 1969 περλπραγμᾴτων
1090 1873 1194 1954 οὑτως

162 1977 229 2059 οέγει
252 1996 322 2047 σοι·
350 1972 424 2042 ἐπεὶ
444 1975 482 2043 τὸ
506 1975 539 2055 ές
562 1983 697 2062 πρᾶγμα
717 1976 856 2061 ὑβρίζειν
880 1982 1040 2055 λέλεκται,
1067 1976 1137 2043 ολον
1160 1977 1193 2055 ἐς
1235 1996 1239 2001 ·

64 2090 71 2096 ’
161 2079 219 2166 τλγν
236 2084 428 2165 παροιμίαν,
448 2076 494 2156 ὡς
513 2074 530 2144 ὑ
549 2080 688 2144 Πλάτων
707 2082 807 2165 φησὶν
819 2078 859 2146 «ἒν
876 2086 923 2165 τῳ
942 2085 1137 2164 Συμποσίῳ.

215 2198 297 2251 ΣΟΛ.
333 2186 492 2247 Κατανοῶ
511 2178 549 2244 τὸ
569 2180 741 2265 διάφορον.
796 2210 803 2218 “

162 2282 167 2291 Χ
214 2300 297 2353 ΛΥΚ.
329 2274 389 2370 λίρ)
403 2274 459 2349 οὖν
476 2285 532 2347 καὶ
545 2289 643 2347 τοῦτο
656 2295 833 2362 κατανοεῖς,
853 2278 907 2349 ότι
918 2281 957 2351 τὸ
971 2287 1075 2348 ταῦτα
1088 2277 1196 2348 ὑπαλ

163 2384 291 2451 λάττειν
310 2387 502 2469 σολοικίζειν
519 2388 675 2450 καλοῦσιν
680 2414 692 2467 ,·

214 2488 298 2558 ΣΟΛ.
331 2485 425 2555 Ἀλλὰ
443 2494 497 2554 νῦν
515 2488 659 2570 ε’ίσομαι.

214 2606 297 2661 ΛΥΚ.
332 2588 423 2658 Αὐτὸ
438 2590 526 2657 δὲτὸ
540 2587 760 2659 ὑπαλλάττειν
773 2589 807 2656 ελ
816 2615 868 2669 τις
881 2587 1086 2657 ἐναλλάττειν
1095 2592 1190 2676 λέγει,

161 2698 197 2761 τί
214 2718 268 2761 σοι
287 2694 377 2773 δόξει
395 2697 515 2779 λέγειν,·

214 2812 298 2865 ΣΟΛ.
331 2793 421 2878 Ἐμολ
438 2797 496 2879 μὲν
513 2791 632 2862 ταύτόν
651 2797 754 2879 λέγειν
771 2793 873 2874 δόξει.
923 2802 925 2805 ’

167 2898 171 2905 ’
213 2913 297 2967 ΛΥΚ.
332 2901 398 2963 Καὶ
416 2905 489 2974 πῶς
508 2895 547 2963 δν
561 2898 611 2984 ε’ίη
625 2894 742 2963 ταύτὸν
754 2904 801 2983 τη]
817 2893 1035 2984 ὑπαλλάττειν
1048 2893 1086 2961 τὸ
1102 2894 1194 2961 ἔναλ-

163 3001 300 3077 λάττειν,
317 3001 418 3082 ,ε’ίπερ
440 2997 479 3064 τὸ
502 3001 563 3081 μὲν
583 2999 693 3086 ἑτέρου
713 2999 799 3087 πρὸς
822 2999 930 3084 ἕτερον
952 3006 1109 3084 γίγνεται,
1134 3005 1193 3063 τοῦ

161 3102 206 3186 μὴ
227 3100 333 3186 ὀρθοῦ
352 3099 491 3187 πρὸςτὸ
511 3097 624 3185 ὀρθόν,
644 3101 681 3167 τὸ
702 3102 737 3167 δὲ
750 3109 808 3167 τοῦ
822 3100 866 3187 μη
883 3097 976 3179 όντος
990 3101 1074 3186 πρὸς
1087 3098 1125 3165 τὸ
1141 3097 1194 3183 όν,·

216 3218 300 3272 ΣΟΛ.
335 3208 534 3286 Κατέμαθον
557 3197 669 3268 ὅτιτὸ
692 3205 751 3286 μὲν
773 3200 993 3270 ὑπαλλάττειν
1014 3201 1053 3268 τὸ
1076 3201 1120 3288 μὴ
1139 3204 1195 3268 κό-

163 3297 240 3394 ριον
253 3303 324 3372 άντλ
342 3313 401 3373 τοῦ
419 3311 531 3390 κυρίου
550 3308 653 3390 λέγειν
672 3305 754 3383 ἐστὶ,
778 3305 817 3371 τὸ
837 3303 868 3370 δ’
885 3305 1089 3371 ἐναλλάττειν
1112 3305 1196 3371 ποτλ

162 3410 220 3491 μὲν
238 3416 285 3497 τῷ
304 3416 415 3497 κυρίῳ,
435 3410 518 3475 ποτὲ
537 3409 573 3474 δὲ
590 3414 637 3494 τῷ
654 3406 700 3495 μὴ
718 3414 819 3494 κυρίῳ
837 3414 996 3494 χρῆσθαι.

214 3511 414 3596 ΛΥΚ-Ἔχει
431 3507 503 3579 τινὰ
521 3515 576 3578 καὶ
593 3517 697 3597 ταῦτα
716 3512 911 3596 κατανόησιν
930 3507 988 3576 οὑκ
1007 3506 1131 3596 άχαριν,
1154 3506 1193 3575 τό

165 3611 201 3676 δὲ
219 3616 416 3695 σπουδάζειν
434 3616 520 3702 πρός
537 3639 610 3681 τινα
626 3614 825 3700 τηκοῖκείαν
840 3612 1002 3702 ὠφέλειαν
1016 3621 1074 3679 τοῦ
1090 3635 1197 3678 σπου·

165 3713 320 3794 δάζοντος
339 3716 505 3804 ἐμφαίνει,
529 3717 567 3783 τὸ
588 3717 624 3783 δὲ
642 3722 721 3802 περί
743 3716 897 3804 τινα,τι“ην
921 3717 1042 3782 ἐκείνου
1062 3717 1141 3798 περὶ
1159 3712 1196 3778 ὃν

164 3818 356 3898 σπουδάζει.
400 3821 453 3884 καὶ
480 3825 585 3887 ταῦτα
613 3820 694 3897 ’ίσως
719 3822 778 3903 μὲν
806 3806 1080 3905 ὑποσυγκέχυται,
1114 3818 1196 3895 ἴσως

164 3920 201 3987 δὲ
226 3923 281 3987 καὶ
308 3920 501 4011 ἀκριβοῦται
525 3923 620 4009 παρά
647 3942 731 3990 τισι·
757 3927 886 4009 βέλτιον
913 3924 949 3988 δὲ
974 3920 1012 3988 τὸ
1041 3918 1196 4006 ἀκριβοῦν

165 4019 305 4112 ἑκάστῳ.
1003 4052 1007 4055 ·
