2782 4574
176 278 179 283 ,
326 223 408 279 m
433 221 535 279 σενι
555 222 644 279 σου
665 223 804 280 οιαοε
824 224 911 280 1-4.
1094 212 1138 283 05

89 338 94 351 '
119 328 225 420 φθόνῳ
243 334 378 397 σιωπᾶν
393 324 558 415 ἔγνωκάς·
578 324 759 417 Ἡράκλεις,
783 325 824 397 υά
842 326 1024 418 φιλοκάλου
1045 333 1135 415 τινὸς
1153 361 1171 408 2

117 429 184 500 ούδέ
207 433 284 518 περὶ
306 428 352 498 τά
379 427 613 519 εὐμορφότατα
639 429 795 519 ἐρωτικοῦ
820 430 861 499 τὸ
887 431 994 520 έργον,
1024 431 1138 526 ἀγροι-

112 539 164 601 κία
183 533 218 601 δέ
239 531 345 621 πολλὴ
367 535 423 600 καὶ
445 530 664 621 ἀπειροκαλία
685 535 742 608 καὶ
762 539 903 623 προσέτι
924 559 961 622 γε
979 534 1135 622 ἀμουσία,

114 643 171 705 τάν
186 632 327 724 ἡδίστων
347 632 447 703 αύτὸν
465 631 630 716 ἀπαξιοῦν
647 637 787 704 καὶτῶν
808 639 993 707 καλλίστων
1014 636 1138 723 ἀποξε-

114 745 180 806 νούν
199 741 255 806 καὶ
275 738 323 828 μὴ
345 743 490 806 συνιέναι
511 734 558 817 ιδς
580 733 639 820 οάχ
656 733 675 805 δ
694 734 794 819 αὐτὸς
814 741 893 830 περὶ
913 739 956 807 τά
978 744 1137 828 θεάματα

112 841 204 927 νόμος
229 841 383 920 ἰδιώταις
407 865 444 907 τε
468 842 524 907 καὶ
550 841 829 925 πεπαιδευμένοις
851 840 1023 933 ἀνδράσιν,
1051 843 1139 914 ἀλλὰ

112 957 174 1025 τοῖς
192 945 252 1029 μὲν
271 943 402 1033 ἀπόχρη
424 940 463 1010 τὸ
485 942 594 1010 κοινὸν
614 948 714 1011 τούτο
738 943 819 1012 ἰδεῖν
840 946 942 1030 μόνον
963 949 1019 1014 καί
1040 974 1138 1040 περι-

111 1049 226 1133 βλέψαι
242 1050 300 1113 καί
318 1044 365 1114 τὼ
384 1042 555 1135 ὀφθαλμὼ
573 1059 791 1135 περιενεγκεῖν
807 1050 863 1114 καὶ
879 1046 967 1136 πρὸς
983 1048 1042 1138 τὴν
1059 1049 1136 1141 ἀρα-

112 1146 168 1238 φὴν
185 1145 358 1236 ἀνακύψαι
374 1151 430 1216 καὶ
446 1147 505 1237 τὴν
519 1160 615 1238 χεῖρα
638 1147 809 1218 ἐπισεῖσαι
829 1152 886 1217 καί
906 1147 985 1218 καθ
1000 1149 1137 1241 ἡσυχίαν

110 1249 247 1341 ἡσθῆναι
265 1254 335 1321 δέει
351 1260 412 1320 τοῦ
429 1249 474 1340 μὴ
494 1248 534 1319 ἀν
555 1254 740 1341 δυνηθῆναι
761 1249 856 1334 άξιόν
876 1279 911 1320 τι
930 1259 997 1321 τῶν
1013 1248 1137 1340 βλεπο-

109 1359 205 1439 μένων
224 1356 342 1437 εἰπεῖν,
368 1350 460 1435 ὅστις
479 1355 515 1422 δέ
532 1352 616 1440 μετὰ
633 1355 791 1434 παιδείας
809 1351 872 1443 δρᾷ
892 1353 936 1422 τὰ
956 1354 1055 1437 καλά,
1079 1354 1138 1424 οάκ

109 1452 151 1538 ἀν,
173 1454 284 1543 οἶμαι,
310 1455 511 1545 ἀγαπήσειεν
529 1455 611 1543 ἀψει
627 1457 711 1545 μάνη
728 1457 990 1543 καρπωσάμενος
1006 1455 1045 1524 τὸ
1063 1484 1137 1544 τερ-

37 1648 38 1651 Ὶ
108 1557 181 1628 πνὸν
199 1557 272 1627 οὐδ’
292 1557 332 1626 ἀν
349 1556 527 1645 ύπομείναι
546 1556 680 1649 ἀφωνος
701 1559 828 1648 θεατὴς
843 1566 903 1627 τοῦ
925 1561 1065 1640 κάλλους
1082 1584 1136 1648 γε·
1194 1624 1201 1635 ,
1242 1592 1244 1597 ’
1277 1636 1279 1644 ,

37 1718 38 1721 ,
106 1666 231 1745 νέσθαι,
260 1662 462 1748 πειράσεται
484 1663 521 1730 δέ
543 1659 589 1742 ὥς
611 1661 683 1731 οἶόν
703 1688 740 1730 τε
760 1668 817 1730 καὶ
842 1662 1057 1752 ἐνδιατρῖψαι
1080 1666 1137 1732 καλ

37 1756 38 1813 Ϊ
107 1764 186 1852 λόγῳ
206 1762 428 1851 ἀμείψασθαι
445 1762 503 1852 τὴν
520 1769 615 1833 θέαν.

36 1954 37 1963 ¹
148 1865 186 1934 ‘H
204 1869 240 1934 δέ
263 1864 388 1955 ἀμοιβὴ
413 1864 472 1935 ούκ
494 1866 631 1947 έπαινος
651 1874 712 1934 τού
734 1868 825 1953 οἴκου
847 1868 949 1953 μόνον
970 1907 1013 1918 -
1034 1874 1170 1938 τούτου
1263 1873 1272 1896 ‘

36 2012 37 2025 ι
108 1968 240 2058 μὲνγὰρ
263 1970 348 2049 ἰ’σως
367 1968 478 2058 έκεένῳ
496 1976 543 2057 τῷ
565 1970 710 2060 νησιώτῃ
732 1975 891 2059 μειρακίῳ
915 1969 1054 2059 ἔπρεπε,
1077 1969 1136 2058 τὴν

36 2080 38 2121 ³
107 2073 266 2140 Μενελάου
283 2071 389 2139 οἰκίαν
401 2069 722 2161 ύπερεκπεπλῆχθαι
735 2075 791 2138 καὶ
803 2071 890 2157 πρὸς
902 2071 945 2138 τά
958 2071 992 2139 έν·
1006 2070 1134 2161 ούρανιβ
1177 2094 1181 2099 ·

107 2172 182 2241 καλά
197 2174 256 2244 τὸν
277 2173 440 2263 ἐλέφαντα
456 2177 512 2241 καὶ
529 2173 587 2242 τὸν
602 2171 722 2262 χρυσὸν
741 2170 841 2260 αὐτῆς
859 2169 1057 2255 ἀπεικάζειν,
1077 2169 1137 2241 ἀτε

108 2277 197 2364 μηδὲν
215 2278 250 2346 ἀν
268 2284 311 2366 γῇ
328 2278 429 2344 καλόν
445 2302 479 2344 τι
497 2272 578 2344 ἀλλο
592 2276 744 2364 ἕορακύτι
756 2314 799 2324 -
812 2272 896 2341 ἀλλὰ
908 2276 965 2343 καὶ
976 2274 1015 2343 τὸ
1030 2275 1137 2343 εἰπεῖν

109 2376 138 2445 έν
157 2378 244 2470 αύτῷ
270 2382 328 2447 καί
348 2379 426 2459 τοὺς
446 2383 638 2466 βελτίστους
661 2381 903 2465 συγκαλέσαντα
929 2377 1035 2465 λύγων
1061 2372 1137 2446 ἀιδί-

109 2480 200 2565 δέιξιν
217 2483 451 2571 ποιήσασθαι,
475 2488 575 2573 μέρος
591 2488 651 2550 τού
674 2480 811 2550 έπαένου
829 2484 999 2549 καὶτοῦτο
1018 2476 1133 2568 γένοιτ’

107 2578 150 2651 ἀν.
182 2590 242 2654 καὶ
260 2585 299 2652 τὸ
318 2592 455 2674 πρᾶγμα
475 2582 704 2673 ὖπερήδιστον,
729 2581 837 2669 οἶμαι,
862 2584 960 2653 οῖ’κων
983 2580 1001 2650 ὁ
1023 2584 1137 2653 κάλλι-

106 2709 176 2767 στος
204 2688 260 2766 εἰς
289 2683 457 2776 ἀποδοχὴν
483 2688 589 2775 λόγων
616 2684 890 2771 ἀναπεπταμένος
914 2689 971 2753 καὶ
997 2685 1134 2755 έπαίνου

105 2792 155 2857 καὶ
179 2788 350 2881 εάφημέας
375 2788 496 2875 μεστὸς
523 2786 582 2872 ὢν,
614 2787 720 2877 ἠρέμα
745 2793 802 2857 καὶ
828 2787 926 2868 αὐτὸς
953 2783 1067 2877 ὥσπερ
1093 2785 1136 2854 τὰ

107 2887 200 2984 ἀντρα
218 2898 413 2981 συνεπηχῶν
430 2894 574 2972 καὶτοῖς
592 2894 778 2978 λεγομένοις
795 2894 1063 3019 παρακολουθῶν
1080 2893 1136 2957 καὶ
1201 2888 1206 2894 ’

106 3001 309 3083 παρατείνων
329 2994 373 3064 τὰ
393 2997 567 3062 τελευταῖα
587 3019 650 3082 της
668 3000 780 3081 φωνῆς
805 2997 862 3060 καὶ
886 3006 959 3074 τοῖς
979 2990 1137 3074 ὑστάτοις

107 3102 165 3166 τῶν
190 3099 299 3221 λόγων
324 3096 548 3186 ἐμβραδύνων,
576 3099 700 3181 μᾶλλον
723 3091 807 3162 δὲ“
782 3121 827 3175 ως
850 3092 890 3162 ἀν
911 3122 963 3175 τις
985 3094 1136 3184 εὐμαθὴς

108 3186 265 3288 ἀκροατὴς
292 3200 558 3289 διαμνημονεύων
583 3196 627 3266 τδι
658 3199 811 3286 εἰρημένα
836 3200 891 3263 καί
917 3195 974 3264 τὸν
1000 3200 1157 3284 λέγοντα,

108 3298 248 3373 ἀπαινιῖιν
278 3301 380 3390 καῖ’
360 3309 435 3372 αντί
421 3305 528 3371 ίδοσιν
559 3298 619 3370 ούκ
649 3299 796 3387 ἀμουσον
826 3301 1025 3384 ποιούμενος
1049 3296 1137 3388 πρὸς

111 3403 202 3476 αὐτά·
232 3384 304 3477 οῖύν
320 3435 354 3476 τι
371 3411 539 3495 πάσχουσι
561 3405 647 3498 πρὸς
668 3404 711 3477 νά
734 3403 906 3495 αύλήματα
928 3433 993 3474 των
1015 3410 1138 3491 ποιμέ-
1243 3428 1249 3439 ’

110 3533 167 3577 νων
184 3511 221 3578 αἱ
238 3515 376 3581 σκοπιαί
394 3511 609 3594 ἐπαυλοῦσαι,
628 3516 687 3601 τῆς
705 3516 818 3600 φωνῆς
836 3509 1036 3598 ἐπανιούσης
1052 3507 1139 3576 κατὰ

110 3606 145 3676 τὸ
163 3608 339 3683 ἀντίτυπον
355 3619 412 3684 καὶ
428 3614 516 3706 πρὸς
529 3612 628 3704 αὖτὴν
642 3611 920 3705 ἀναστρεφούσης,
941 3612 975 3680 οἱ
993 3613 1029 3679 δὲ
1043 3611 1138 3679 ἰδιῶ-

110 3737 162 3781 ται
177 3718 348 3802 νομίζουσι
365 3724 535 3809 παρθένον
552 3745 626 3786 τινα
611 3714 777 3786 εἶναι
744 3745 802 3805 την
824 3714 1041 3802 ἀμειβομένην
1057 3710 1137 3792 τοὺς

102 3810 288 3903 ’ᾄδοντας”
266 3848 286 3911 η
307 3827 457 3909 βοωντας
479 3820 513 3890 έν
526 3828 649 3908 μέσοις
670 3847 738 3889 που
755 3833 828 3898 τοῖς
848 3829 1003 3906 κρημνοῖς
1023 3840 1137 3883 κατοι-

110 3927 226 3991 κοῦσαν
242 3950 298 3992 και
287 3928 480 3994 λαλούσαν
498 3923 533 3993 έκ
550 3931 615 3992 τῶν
632 3930 762 4011 πετρῶν
781 3921 974 3990 ἐ’νδοθεν.’
964 3916 1065 4007 ἔμοιγ’
1077 3909 1135 3988 σύν
1152 3940 1170 3987 4

112 4018 268 4098 δοκεῖκαὶ
286 4030 587 4119 συνεξαίρεσθαι’
558 4027 649 4097 σύκου
668 4027 865 4114 πολυτελείᾳ
881 4053 901 4115 η
914 4050 973 4094 του
958 4027 1137 4129 λέγοντος
