2792 4580
426 192 548 285 τεοῖο.
575 188 772 263 Κτειτιιοε
793 208 878 264 1-3.
987 280 990 285 η
1106 190 1174 263 263

134 306 223 385 ν’άτω
241 313 302 401 τήν
315 326 426 401 χεῖρα·
443 315 568 397 μᾶλλον
586 313 623 380 δὲ
640 308 726 379 οότω
745 316 922 399 γιγνέσθω.
959 315 1095 392 πλείους
1108 312 1171 400 γὰρ

134 416 201 486 οἶδ’
219 413 274 485 ότι
300 416 432 484 έσονται
459 416 493 482 ολ
517 413 562 503 μή
589 415 883 502 χειροτονήσοντες.
925 412 1009 482 ἀλλὰ
1031 420 1085 482 νῦν
1111 417 1190 499 μὲν

137 520 247 613 ἀπιτε,
268 515 396 586 ὁπόταν
414 519 450 585 δὲ
467 518 587 606 κηρύξῃ
606 514 765 607 όἙρμής,
782 513 876 606 ήκετε
893 519 1079 602 κομίζοντες
1097 514 1173 584 ένα-

139 647 217 701 στος
239 622 355 710 έναργή
377 621 420 689 τὰ
442 626 654 708 γνωρίσματα
671 625 727 689 καὶ
749 633 871 709 σαφεῖς
887 619 948 701 τὰς
970 614 1169 703 ἀποδείξεις,

136 723 265 816 πατρὸς
283 721 388 809 όνομα
405 727 460 791 καλ
476 722 614 811 μητρὸς,
637 726 694 791 καὶ
712 719 794 791 όθεν
811 726 866 790 καί
885 720 979 802 ὅπως
1001 721 1084 802 θεὸς
1102 721 1175 809 έγέ-
1194 806 1203 817 ⁸

135 851 223 908 νετο,
252 829 307 893 καλ
330 826 435 915 φυλήν
456 830 512 893 καὶ
533 828 715 917 φράτορας.
755 823 802 905 ώς
825 820 917 905 ὅστις
939 823 979 901 ἀν
1000 824 1045 913 μή
1067 832 1179 892 ταῦτα

135 930 362 1020 παράσχηται,
396 925 490 995 οάδέν
514 930 651 1017 μελήσει
681 940 753 1007 τοῖς
780 928 1002 1015 ἐπιγνώμοσιν
1033 928 1064 995 εἰ
1088 928 1173 995 νεών

134 1056 188 1109 τις
204 1035 305 1117 μέγαν
324 1029 356 1098 έν
377 1037 418 1120 τῇ
435 1037 476 1120 γῇ
494 1030 561 1114 ἔχει
582 1033 638 1098 καλ
660 1030 691 1098 εί
709 1031 743 1097 οἱ
765 1027 945 1120 ἄνθρωποι
966 1028 1049 1097 θεὸν
1072 1025 1175 1097 αότὸν
1258 1044 1263 1054 “

135 1130 222 1200 εἶναι
239 1134 437 1217 νομίζουσιν.
1196 1128 1212 1171 ³⁴

527 1369 779 1438 ΚΥΝΙΚΟΣ.
799 1331 802 1336 ’

148 1554 152 1559 ’
189 1556 366 1612 ΛΥΚΙΝΟΣ.
406 1544 445 1607 Τί
461 1563 544 1607 ποτε
563 1539 618 1621 σδ,
639 1530 749 1621 οὗτος,
773 1539 920 1628 πώγωνα
937 1542 996 1625 μὲν
1015 1541 1099 1624 ἐ’χεις
1116 1543 1206 1612 καλι

135 1645 249 1731 κόμην,
271 1649 395 1726 χιτῶνα
414 1643 450 1708 δὲ
470 1639 529 1709 οόκ
547 1642 631 1725 ’έχεις
650 1646 706 1710 καὶ
726 1640 847 1729 γυμνὸς
864 1649 950 1733 θέρη
973 1647 1029 1710 καὶ
1047 1640 1173 1712 ἀνυπο-

138 1748 262 1832 δητεῖς,
286 1744 344 1811 τόν
367 1741 487 1833 ἀλήτην
510 1749 566 1812 καλ
588 1744 822 1833 ἀπάνθρωπον
843 1752 918 1834 βίον
939 1749 995 1813 καί
1017 1747 1171 1834 θηριώδη

139 1847 372 1931 ἐπιλεξάμενος
392 1850 450 1913 καὶ
472 1844 526 1914 ἀεὶ
547 1860 619 1926 τοῖς
641 1846 800 1928 έναντίοις
821 1846 859 1916 τὸ
882 1849 969 1915 ἴδιον
992 1851 1093 1933 δέμας
1115 1846 1174 1932 οάχ

138 1948 186 2029 ώς
204 1950 237 2016 ολ
254 1952 375 2017 πολλοί
393 1950 653 2037 διαχρησάμενος
672 1963 880 2038 περινοστεῖς
894 1947 1011 2018 ἀλλοτε
1029 1948 1175 2034 ἀλλαχοῦ
1212 1992 1217 1997 ·

131 2050 352 2137 ἐόναζόμενος
379 2051 436 2119 ἐπὶ
462 2055 561 2140 ξηροῦ
593 2053 757 2135 δαπέδου,
789 2050 836 2130 ώς
866 2048 942 2119 ἀσιν
972 2053 1174 2139 παμπόλλην

139 2158 232 2222 τουτὶ
253 2154 292 2222 τὸ
314 2154 489 2242 τριβώνιον
512 2158 634 2243 φέρειν,
660 2151 698 2221 οό
720 2159 834 2239 μέντοι
855 2157 912 2220 καλ
933 2160 1032 2221 τοῦτο
1052 2152 1173 2222 λεπτὸν

138 2254 217 2324 οὐδὲ
234 2258 379 2341 μαλακὸν
397 2254 473 2324 οὐδὲ
496 2253 659 2345 ἀνθηρόδς
774 2290 776 2295 >
1067 2243 1077 2257 ¹

191 2375 368 2430 ΚΥΝΙΚΟΣ.
406 2355 488 2427 Οάδὲ
508 2357 570 2446 γὰρ
594 2358 727 2443 δέομαι·
754 2364 905 2426 τοιοῦτον
932 2359 969 2425 δέ
991 2354 1110 2426 ὁποῖον
1133 2354 1173 2425 ἀν

139 2467 322 2549 πορισθείη
346 2464 452 2551 ῥᾷστα
474 2465 529 2528 καὶ
550 2468 598 2549 τῴ
616 2467 807 2549 κτησαμένῳ
830 2461 1011 2551 πράγματα
1034 2457 1080 2541 ὥς
1099 2460 1174 2528 έλά·

137 2590 236 2649 χιστα
254 2570 410 2649 παρέχοι·
427 2571 578 2632 τοιοῦτον
595 2562 656 2651 γὰρ
675 2561 771 2652 ἀρκεῖ
781 2589 850 2649 μοι.
878 2563 917 2631 οδ
933 2565 969 2631 δὲ
983 2561 1069 2653 πρὸς
1081 2569 1174 2632 θεῶν
1192 2583 1209 2632 2

140 2668 216 2735 εἰπέ
232 2694 299 2752 μοι,
319 2674 359 2756 τῇ
377 2670 574 2756 πολυτελείᾳ
592 2664 629 2734 οά
649 2667 790 2751 νομίζεις
808 2671 921 2734 κακίαν
939 2678 1113 2756 προσεῖναι
1119 2695 1131 2749 ,·
1180 2738 1185 2749 x

191 2785 276 2840 ΛΥΚ.
311 2772 378 2836 Καὶ
394 2771 505 2854 μάλα·

191 2888 276 2942 ΚΥΝ.
316 2878 360 2960 Τῇ
380 2868 410 2938 δ’
427 2870 573 2960 εὐτελείᾳ
592 2869 753 2961 ἀρετήνς·

192 2990 277 3045 ΛΥΚ.
313 2976 380 3038 Καὶ
397 2973 498 3057 μάλα.

193 3091 278 3145 ΚΥΝ.
317 3079 356 3140 Τί
373 3071 447 3142 ποτ’
464 3065 520 3141 οὗν
539 3070 624 3161 δρῶν
643 3074 700 3158 ἐμὲ
716 3081 782 3142 τών
799 3076 933 3142 πολλῶν
951 3070 1175 3162 εὐτελέστερον

139 3177 371 3264 διαρτώμενον,
394 3174 473 3255 τοὺς
491 3176 528 3243 δὲ
545 3177 830 3266 πολυτελέστερον,
855 3175 914 3262 έμδ
935 3176 1027 3265 αἰτιᾷ
1044 3179 1099 3243 καὶ
1118 3174 1177 3244 οάκ

143 3281 304 3364 ἐκείνουςς

193 3400 278 3454 ΛΥΚ
306 3379 373 3453 (Ότι
392 3379 449 3450 οάκ
467 3377 692 3471 εότελέστερόν
709 3407 777 3466 μοι,
795 3379 844 3467 μδι
861 3388 940 3463 Δία,
959 3388 1025 3449 τών
1043 3383 1176 3449 πολλῶν

145 3485 344 3553 διαιτᾶσθαι
367 3488 487 3567 δοκεῖς,
516 3481 586 3552 ἀλλ’
603 3483 818 3574 ἐνδεέστερον,
846 3487 970 3569 μᾶλλον
997 3486 1033 3553 δέ
1058 3488 1178 3563 τελέως

143 3583 263 3663 ένδεώς
279 3589 335 3654 καλ
353 3585 505 3676 ἀπόρως·
526 3587 769 3678 διαφέρειςγδιρ
785 3585 879 3656 οόδὲν
893 3587 933 3657 σὺ
946 3594 1012 3657 τών
1025 3591 1187 3670 πτωχῶν,

144 3691 181 3756 οἳ
197 3686 255 3775 τήν
274 3688 438 3776 ἐφήμερον
455 3689 581 3777 τροφήν
598 3697 820 3773 μεταιτοῦσιν.

105 3876 110 3881 ¹
135 3850 139 3855 ,
198 3806 284 3860 ΚΥΝ.
318 3792 439 3858 Βούλει
457 3782 513 3858 σόν
530 3791 673 3876 ἴδωμεν,
688 3793 763 3861 ἐπεὶ
784 3797 1012 3884 προελήλυθεν
1031 3792 1178 3861 ἐνταῦθα
1196 3813 1214 3862 8

145 3889 166 3960 δ
184 3894 291 3980 λόγος,
310 3899 345 3961 τί
361 3892 400 3960 τὸ
420 3893 524 3973 ένδεές
542 3897 597 3962 καὶ
614 3900 648 3962 τί
664 3894 703 3962 τὸ
724 3896 832 3964 ἱκανόν
851 3897 954 3982 ἓστινς

197 4012 283 4069 ΛΥΚ.
317 4000 366 4065 Εἴ
381 4022 435 4065 σοι
454 3999 552 4068 δοκεῖ.
