2792 4580
193 227 319 285 Lm
344 227 364 266 ε
379 227 480 283 ΠΕΡΙ
496 228 584 284 τετε
600 188 758 284 mm
776 228 894 285 υτον
910 228 1031 284 37-48.
1045 212 1053 241 ‘
1066 216 1131 281 235

91 338 270 407 καλέονται
290 334 346 401 καὶ
368 328 464 402 ἀλλον
488 333 721 423 παραβώμιοι·
749 329 895 418 ὐπ”έμεῦ
918 335 954 400 δὲ
971 337 1132 415 ,πλείονες

91 440 150 506 καί
167 440 365 525 τριηκοσίων
382 434 417 517 ές
432 434 491 525 τὴν
508 440 630 509 θυσίην
648 433 852 505 ἀπικνέοντο.
889 435 993 524 ἐσθὴς
1016 437 1053 503 δέ
1071 433 1133 505 αὐ-

91 551 186 610 τοῖσι
203 544 300 609 πᾶσα
316 536 423 629 λευκὴ,
442 541 500 606 καὶ
510 541 615 609 ,πῖλον
628 538 686 607 ἐπὶ
698 545 739 628 τῇ
752 541 879 629 κεφαλῇ
894 538 1014 621 έχουσι.
1038 536 1133 624 ἀρχι-

92 638 173 732 ριύς
195 641 233 710 δέ
254 638 354 721 ἀλλος
375 640 514 711 ἑκάστου
538 642 629 723 ὐτεος
655 640 851 730 ἐπιγίνεται·
878 646 1073 731 πορφυρέην
1095 641 1133 708 δὲ

93 748 219 829 μοῦνος
239 733 337 823 οὗτος
358 749 474 834 φορέει
495 752 551 812 καί
571 741 668 834 τιήρῃ
689 751 810 835 χρυσέη
833 741 1016 812 ἀναδέεται.
1058 742 1130 811 ἔστι
1147 766 1182 814 4³

95 844 133 917 δὲ
157 848 216 913 καὶ
237 841 318 914 ἀλλο
340 849 475 936 πλῆθος
496 844 688 937 ἀνθρώπων
711 848 798 937 ἱρῶν,
828 844 994 936 αὐλητέων
1015 871 1052 914 τε
1074 848 1132 912 καὶ

95 952 289 1038 συριστέων
305 951 361 1017 καί
382 948 532 1031 Γάλλων,
559 953 614 1039 καὶ
636 963 784 1037 γυναῖκες
812 949 987 1035 ἐπιμανέες
1011 973 1049 1016 τε
1075 951 1132 1016 καὶ

96 1052 347 1139 φρενοβλαβέες.
374 1057 478 1139 θυσίη
494 1052 530 1120 δὲ
548 1053 599 1133 δὶς
616 1052 755 1141 ἑκάστης
772 1049 893 1141 ἡμέρης
914 1050 1128 1132 ἐπιτελέεται,
1148 1073 1184 1120 44

96 1150 131 1232 ές
149 1149 208 1240 τὴν
225 1151 348 1234 πάντες
365 1150 586 1223 ἀπικνέονται.
622 1158 680 1223 Διὶ
696 1156 755 1239 μὲν
774 1145 819 1222 ὦν
836 1153 904 1222 κατ’
916 1152 1051 1243 ἡσυχίην
1067 1154 1132 1221 θά-

96 1277 173 1324 ονσι
197 1249 273 1323 οὐτε
295 1250 461 1337 ἀείδοντες
484 1255 559 1325 οὐτε
582 1254 761 1336 αὐλέοντες.
799 1248 862 1324 οὐτ’
879 1253 919 1324 ἀν
942 1258 978 1323 δέ
995 1264 1035 1345 τῇ
1051 1252 1131 1344 Ἥρη

96 1356 332 1447 κατάρχωνται,
351 1356 503 1429 ἀείδουσί
519 1385 555 1427 τε
573 1361 629 1426 καί
647 1355 803 1427 αὐλέουσι
819 1360 876 1424 καὶ
894 1360 1038 1446 κρόταλα
1057 1358 1132 1425 έπε-

97 1464 280 1546 κροτέουσι.
312 1467 369 1530 καί
383 1487 444 1547 μοι
461 1462 579 1531 τούτου
598 1469 677 1550 πέρι
694 1462 801 1551 σαφές
819 1458 913 1528 οὐδέν
932 1461 1038 1528 εἰπεῖν
1057 1460 1132 1527 έδό-

97 1587 207 1632 ναντο.

14 1678 15 1681 ’
140 1660 234 1734 Ἔστι
251 1666 288 1734 δέ
305 1669 361 1735 καί
377 1670 471 1756 λίμνη
487 1663 620 1748 αὐτόθι,
640 1664 678 1735 οὐ
693 1666 819 1735 πολλὸν
833 1666 908 1748 έκὰς
921 1673 980 1735 τοῦ
996 1666 1078 1756 ἱροῦ,
1099 1664 1132 1732 έν
1149 1686 1184 1734 45

14 1792 15 1795 ’
98 1773 137 1857 τῇ
157 1767 273 1852 ίχθάες
291 1768 358 1859 ίροὶ
374 1775 554 1860 τρέφονται
571 1773 692 1839 πολλοὶ
709 1774 765 1837 καὶ
783 1772 985 1851 πολυειδέες.
1026 1776 1133 1858 γίνον-

14 1862 15 1943 J
97 1896 155 1941 ται
179 1871 217 1939 δὲ
239 1868 348 1941 αὐτῶν
370 1872 454 1941 ὐνιοι
474 1874 580 1959 κάρτα
600 1875 754 1961 μεγάλου
784 1865 877 1943 οὗτοι
900 1876 1013 1942 δὲκαὶ
1037 1870 1133 1940 οὐνό-

14 1974 15 1977 ’
97 1999 188 2059 ματα
211 1973 323 2057 έχουσι
344 1976 400 2043 καὶ
422 1975 570 2063 ἐ’ρχονται
596 1977 798 2063 καλεόμενοι.
846 1975 897 2044 ὐπ’
918 1977 995 2061 έμεῦ
1023 1978 1060 2042 δέ
1081 2002 1135 2055 τις

100 2074 154 2164 έην
176 2075 210 2144 έν
232 2073 366 2145 αὐτοῖσι
384 2084 633 2168 χρυσοφορέων,
662 2079 694 2146 έν
717 2087 755 2168 τῇ
778 2085 917 2167 πτέρυγι
944 2080 980 2145 δέ
1002 2084 1133 2164 ποίημα

98 2177 347 2268 χρόσεοναύτῷ
371 2176 528 2248 άνεκέετο.
563 2187 621 2247 καί
640 2207 697 2265 μιν
720 2179 783 2267 έχιὺ
806 2180 967 2260 πολλάκις
990 2179 1134 2264 ἐθεησά-

100 2307 178 2368 μην,
213 2285 269 2350 καὶ
300 2279 365 2372 εἶχε
394 2281 435 2350 τὸ
468 2288 609 2370 ποίημα.
644 2284 757 2369 βάθος
779 2283 815 2351 δέ
832 2290 890 2370 τῆς
912 2285 1027 2370 λίμνης
1048 2282 1132 2347 πολ-
1149 2298 1183 2347 46

99 2385 172 2453 λόν·
191 2382 254 2473 έχώ
272 2387 331 2471 μέν
351 2383 409 2453 οὐκ
428 2385 620 2474 ἐπειρήθην,
639 2388 771 2472 λέγουσι
786 2384 817 2453 δ’
830 2376 875 2452 ὦν
888 2388 943 2451 καὶ
958 2386 1133 2472 διηκοσίων

101 2485 260 2576 όρχυιέων
282 2492 385 2557 πλέον
407 2489 553 2573 ἔμμεναι.
597 2487 682 2555 κατὰ
703 2493 804 2573 μέσον
832 2488 869 2555 δέ
896 2484 995 2574 αὐτῆς
1019 2484 1134 2573 βωμὸς
1227 2507 1233 2512 ’

99 2592 200 2661 λίθου
217 2587 382 2679 ἀνέστηκε.
410 2592 538 2671 δοκέοις
552 2587 592 2658 ἀν
607 2588 702 2680 ἀφνω
718 2589 799 2660 ἰδὼν
812 2586 938 2658 πλιόειν
951 2596 987 2657 τέ
1004 2616 1061 2674 μιν
1078 2592 1135 2655 καὶ

100 2698 148 2781 τῷ
162 2688 260 2763 ὐδατι
272 2692 485 2778 έποχέεσθαι,
504 2696 560 2761 καὶ
573 2696 693 2762 πολλοὶ
708 2684 774 2761 τόδε
791 2693 971 2778 νομίζουσι.
1005 2692 1080 2775 έμοὶ
1098 2692 1135 2761 δέ

100 2795 209 2864 δοκέει
228 2799 345 2876 στῦλος
362 2793 533 2876 ὐπεστεώς
549 2802 651 2883 μέγας
669 2794 793 2880 ἀνέχειν
810 2793 869 2863 τὸν
885 2795 1010 2881 βωμόνὶ
1044 2794 1135 2862 ἕστε-

85 2904 186 2965 ’πται
204 2898 241 2965 δὲ
259 2898 398 2967 αἰεὶκαὶ
416 2901 584 2984 θυώματα
603 2899 679 2982 ἔχει.
715 2901 837 2967 πολλοὶ
860 2899 896 2966 δέ
918 2901 977 2976 καὶ,
997 2896 1135 2986 έκάστης

100 2994 224 3091 ἡμέρης
245 2998 313 3070 κατ’
330 2998 424 3091 εὐχὴν
447 3002 480 3080 ές
504 2999 603 3069 αὐτὸν
620 3003 794 3091 νηχόμενοι
816 3005 1134 3091 στεφανηφορέουσι.

99 3108 247 3193 γίνονται
274 3104 311 3171 δὲ
334 3101 459 3171 αὐτόθι
480 3098 535 3170 καί
557 3105 756 3192 πανηγύριές
784 3130 820 3172 τε
846 3110 1013 3192 μέγισται,
1040 3106 1136 3170 καλέ·
1152 3121 1187 3169 41

102 3231 198 3276 ονται
215 3207 251 3274 δέ
270 3205 303 3286 ἒς
320 3205 377 3294 τὴν
394 3209 507 3295 λίμνην
525 3206 737 3292 καταβάσιες,
763 3202 817 3277 ότι
835 3205 868 3274 έν
887 3204 1007 3295 αὐτῇσι
1029 3205 1062 3284 ἐς
1079 3204 1137 3294 τὴν

100 3312 217 3397 λίμνην
235 3307 277 3377 τὰ
296 3307 351 3398 ίρά
368 3309 479 3378 πάντα
495 3305 700 3399 κατέρχεται·
723 3308 757 3377 έν
774 3322 865 3379 τοῖσι
882 3305 998 3397 ἧἭρη
1017 3308 1134 3395 πρώτη

100 3407 294 3480 ἀπικνέεται
311 3418 377 3478 τῶν
395 3411 523 3496 ίχθάων
541 3413 667 3494 εἵνεκεν,
686 3413 732 3501 μή
751 3436 857 3503 σφεας
871 3409 889 3480 ό
903 3409 986 3492 Ζεύς
1003 3417 1136 3500 πρῶτος

64 3533 69 3541 ’
100 3513 231 3602 ἴδηται·
254 3511 292 3603 ἢν
309 3512 372 3604 γὰρ
389 3515 467 3585 τόδε
484 3520 629 3605 γένηται,
654 3519 785 3603 λέγουσι
808 3513 861 3584 ότι
884 3516 1007 3595 πάντες
1030 3511 1138 3582 ἀπόλ-

100 3620 229 3691 λυνται.
265 3620 321 3685 καὶ
340 3619 422 3706 δῆτα
441 3616 458 3686 ό
476 3620 536 3703 μέν
558 3619 687 3708 ἔρχεται
710 3616 891 3706 ἀρυόμενος,
915 3616 935 3707 ἡ
960 3620 996 3686 δὲ
1018 3617 1137 3705 πρόσω

101 3720 262 3810 ἱσταμένη
281 3719 420 3812 ἀπέργει
436 3725 474 3787 τέ
489 3747 546 3805 μιν
563 3723 619 3788 καί
636 3720 746 3788 πολλὰ
760 3725 967 3812 λιπαρέουσα
981 3717 1139 3803 ἀποπέμ-

99 3849 174 3894 πει.
209 3830 364 3913 μέγισται
383 3824 419 3891 δὲ
446 3819 578 3891 αὐτοῖσι
606 3825 819 3912 πανηγύριες,
844 3828 881 3890 αἳ
902 3823 937 3903 ἀς
957 3821 1136 3888 θάλασσαν
1155 3841 1190 3889 48

99 3928 303 4014 νομίζονται.
327 3924 395 3995 ἀλλ’
403 3920 466 4015 ένὼ
480 3925 605 3994 τούτων
618 3929 697 4014 πέρι
711 3927 816 4014 σαφὲς
830 3921 925 3993 οὐδὲν
939 3924 1001 4007 έχω
1017 3923 1138 3990 εἰπεῖν·

100 4027 143 4103 οὐ
166 4029 230 4123 γάρ
252 4022 358 4122 ἦλθον
381 4025 481 4111 αὐτὸς
503 4024 581 4097 οὐδὲ
603 4027 788 4121 ἐπειρήθην
814 4028 936 4116 ταύτης
962 4034 1020 4117 τῆς
1047 4022 1140 4094 ὁδον·
