2782 4574
358 212 459 274 ωσι
480 218 499 257 ε
521 218 770 276 Μεεεοειοι
791 220 894 276 ε-ω.
930 288 935 296 ,
1091 207 1146 281 ,δεῖ

110 322 198 395 ῶστε
215 324 275 391 καὶ·
287 319 376 411 ἡμᾶς
387 322 615 413 ’χρηστοτέρας
637 324 720 408 ἔχειν
741 322 801 404 τδις
823 324 975 408 ἐλπίδας,
991 329 1147 407 ’τελείους
1191 398 1225 408 ,,

108 428 188 518 ιήμῖν
204 423 383 511 τὰςεῦχάς
399 427 541 495 ἐ’σεσθαι
558 425 645 512 πρὸς
666 426 705 494 τὸ
729 428 762 507 ἐς
782 428 942 515 μήκιστόν
962 454 999 498 τε
1020 432 1076 496 καί
1093 433 1145 497 λι-

108 528 220 621 παρὸν
236 528 294 597 τὸν
311 531 424 617 πάσης
440 537 498 618 γῆς
515 532 571 597 καί
587 530 757 617 θαλάττης
771 531 935 618 δεσπότην
947 539 1048 621 γῆρας
1063 528 1146 621 ἄφι-

109 639 243 713 νιέσθαι,
258 638 299 722 τῇ
308 631 428 700 ἑαυτοῦ
442 633 612 721 οἰκουμένῃ
625 635 842 717 βασιλεύοντα
854 629 916 723 ήδη
929 637 985 701 καί
997 640 1144 724 γέροντα,

107 789 115 802 .
159 735 400 824 Ἀργανθώνιος
413 736 472 820 μίν
486 725 542 802 οὖν
554 739 763 824 Ταρτησσίων
775 735 935 821 βασιλεὺς
944 739 1145 825 πεντήκοντα
1162 756 1198 807 10

105 842 164 906 καὶ
183 835 298 906 ἑκατὸν
317 836 372 924 ἔτη
389 844 511 922 βιῶναι
527 839 664 924 λέγεται,
685 835 732 916 ῶς
739 835 914 927 Ἡρόδοτος
932 836 950 906 5
966 838 1146 926 λογοποιὸς
1174 874 1179 887 ·

104 945 165 1009 -καὶ
184 938 202 1008 5
221 938 405 1026 μελοποιὸς
417 937 602 1027 Ἀνακρέων.
639 937 724 1008 ἀλλὰ
744 947 843 1009 τοῦτο
859 942 919 1026 μὲν
940 944 1052 1028 μῦθός
1073 966 1144 1012 τισι

104 1046 214 1126 δοκεῖ,
237 1041 437 1130 Ἀγαθοκλῆς
456 1043 492 1108 δὲ
510 1038 693 1122 όΣικελίας
709 1044 865 1133 τύραννος
884 1042 964 1113 ἐτῶν
984 1045 1146 1133 ἐνενηκον-

105 1152 253 1215 ταπέντε
270 1149 415 1233 τελευτᾷ,
434 1145 593 1234 καθάπερ
610 1147 806 1235 Δημοχάρης
823 1150 880 1214 καί
900 1154 1041 1232 Τίμαιος
1056 1148 1147 1216 ἱστο-

102 1256 235 1338 ροῦσιν.
268 1245 373 1335 Ἱέρων
391 1272 427 1314 τε
446 1245 464 1315 5
481 1254 693 1333 Συρακοσίων
711 1249 867 1336 τύραννος
890 1250 948 1317 δύο
966 1252 1022 1316 καὶ
1040 1249 1147 1336 ἐνενή-

106 1378 209 1420 κοντα
232 1350 314 1418 ἐτῶν
335 1352 507 1438 γενόμενος
530 1349 680 1418 ἐτελεύτα
700 1351 804 1438 νόσῳ,
827 1351 1027 1435 βασιλεύσας
1050 1350 1146 1436 ἕβδο-

100 1480 256 1542 ’μηκοντα
269 1453 334 1543 ἔτη,
356 1449 468 1540 ῶσπερ
482 1453 670 1543 Δημήτριός
686 1477 722 1521 τε
736 1450 754 1520 5
768 1456 969 1532 Καλακτῖνος
981 1455 1037 1518 καὶ
1050 1450 1147 1519 άλλοι

105 1560 274 1643 λέγουσιν.
307 1552 417 1636 Ἀτέας
443 1557 480 1622 δὲ
500 1561 641 1624 Σκυθῶν
666 1554 823 1642 βασιλεὺς
848 1556 1031 1640 μαχόμενος
1058 1552 1146 1644 πρὸς

108 1664 283 1728 Φίλιππον
301 1661 380 1744 περὶ
396 1656 453 1726 τὸν
464 1653 588 1747 Ἴστρον
605 1657 758 1745 ποταμὸν
780 1658 896 1728 ἔπεσεν
913 1655 997 1750 ὖπὲρ
1018 1656 1062 1727 τά
1080 1657 1146 1726 ἐνε-
1250 1680 1254 1687 ’

99 1764 248 1851 τήκοντα
266 1761 490 1849 ότηγεγονῶς.
526 1761 692 1850 Βάρδυλις
714 1763 751 1829 δὲ
774 1758 970 1851 δἸλλυριῶν
990 1759 1147 1849 βασιλεὺς

101 1861 168 1955 ἀφ’
185 1865 295 1931 ἵππου
318 1867 447 1950 λέγεται
468 1863 639 1947 μάχεσθαι
662 1863 695 1931 ἐν
716 1871 763 1952 τῷ
786 1865 872 1953 πρὸς
892 1868 1060 1960 Φίλιππον
1081 1888 1147 1931 πο-

100 1971 199 2055 λέμῳ
219 1967 268 2046 εἷς
286 1966 471 2052 ἐνενήκοντα
488 1969 590 2033 τελῶν
609 1965 674 2054 ἔτη.
705 1969 809 2055 Τήρης
828 1969 864 2034 δὲ
873 1964 1031 2057 Ὀδρυσῶν
1047 1972 1147 2052 βασι-

101 2069 199 2152 λεὺς,
227 2069 320 2136 καθά
343 2093 428 2158 φησι
451 2069 665 2154 θεόπομπος,
695 2069 755 2135 δύο
777 2073 833 2136 καί
856 2069 1042 2156 ἐνενήκοντα
1065 2067 1146 2135 ἐτῶν

103 2171 326 2260 ἐτελεύτησεν.
363 2168 537 2259 Ἀντίγονος
560 2173 596 2239 δὲ
619 2169 637 2238 5
663 2174 833 2238 Φιλίππου
858 2167 875 2237 5
902 2171 1146 2258 μονόφθαλμος
1166 2191 1197 2238 11

89 2275 295 2361 ,βασιλεύων
314 2275 522 2356 Μακεδόνων,
542 2276 621 2360 περὶ
641 2277 782 2360 Φρυγίαν
799 2274 984 2358 μαχόμενος
996 2272 1145 2358 Σελεύκῳ

87 2380 166 2463 (καὶ
177 2378 374 2465 Λυσιμάχῳ,
394 2377 562 2466 τραύμασι
578 2379 717 2455 πολλοῖς
735 2375 927 2465 περιπεσὼν
941 2375 1147 2462 ἐτελεύτησεν

103 2479 193 2547 ἐτῶν
221 2476 294 2558 ἑνὸς
318 2483 375 2546 καί
406 2476 617 2567 ὀγδοήκοντα,
651 2476 765 2569 ῶσπερ
798 2476 816 2547 5
847 2479 1147 2567 συστρατευόμενος

103 2580 201 2669 αύτῷ
216 2579 407 2667 Ἱερώνυμος
432 2582 567 2671 ἱστορεῖ.
607 2586 662 2650 καί
679 2567 874 2667 Λυσίμαχος
895 2582 931 2648 δὲ
948 2581 1147 2649 Μακεδόνων

104 2683 267 2771 βασιλεὺς
285 2684 317 2752 ἓν
334 2690 374 2774 τῇ
392 2683 479 2771 πρὸς
492 2689 649 2753 Σέλευκον
668 2683 823 2753 άπῶλετο
836 2685 924 2771 μάχηΙ
939 2682 1011 2763 >ε’τος
1030 2680 1148 2770 όγδοη-
1197 2692 1206 2711 ’

103 2785 230 2858 κεστὸν
252 2790 363 2868 τελῶν,
388 2784 435 2866 ῶς
458 2784 476 2854 5
501 2784 600 2867 αύτός
623 2813 725 2878 φησιν
738 2785 937 2877 Ἱερώνυμος.
969 2783 1149 2872 Ἀντίγονος

106 2893 146 2960 δὲ
165 2889 241 2969 υίὸς
257 2891 317 2973 μὲν
330 2880 368 2978 ἦν
382 2895 580 2980 Δημητρίου,
599 2889 719 2970 υἱωνὸς
732 2892 768 2957 δὲ
778 2888 958 2977 Ἀντιγόνου
976 2895 1035 2957 τοῦ
1048 2913 1149 2973 μονο-

105 2994 291 3083 φθάλμου,
321 2983 418 3072 οὗτος
443 2997 583 3080 τέτταρα
608 2994 928 3081 καὶτετταράκοντά
949 2992 1149 3060 Μακεδόνων

107 3095 324 3182 ἐβασίλευσα
346 3095 415 3183 ἐ’τη,
444 3094 562 3179 ἐβίωσε
586 3096 622 3162 δὲ
649 3094 861 3182 ὀγδοήκοντα,
891 3092 937 3173 ῶς
957 3095 1086 3180 Μήδιός
1111 3118 1149 3160 τε
1228 3138 1233 3147 ·

107 3199 242 3287 ίστορεῖ
257 3201 311 3266 καὶ
331 3194 427 3265 άλλοι
445 3209 653 3287 συγγραφεῖς,
682 3194 809 3282 δμοίως
822 3198 858 3264 δὲ
871 3199 926 3262 καὶ
937 3193 1149 3282 Ἀντίπατρος

109 3296 131 3366 5
151 3297 278 3370 Ἰολάου
301 3306 455 3393 μέγιστον
477 3301 632 3387 δυνηθεὶς
653 3303 709 3367 καὶ
736 3298 980 3388 ἐπιτροπεύσας
1005 3295 1150 3376 πολλοὺς

111 3403 312 3471 Μακεδόνων
320 3407 486 3489 βασιλέας,
502 3400 586 3493 ὑπὲρ
599 3400 643 3470 τά
657 3400 856 3491 ὀγδοήκοντα
871 3392 964 3480 οὗτος
980 3401 1033 3490 ἔτη
1049 3402 1149 3488 ζήσας

111 3502 269 3574 ἐτελεύτα
282 3503 339 3574 τὸν
352 3513 435 3591 βίον.
460 3508 665 3590 Πτολεμαῖος
680 3507 716 3573 δὲ
729 3504 882 3595 ὁΛάγου,
897 3501 1147 3575 δτῶνκαθάδ-
1168 3524 1200 3571 12
1230 3568 1235 3573 .

112 3604 170 3674 τὸν
185 3605 480 3693 εὐδαιμονέστατος
490 3612 669 3694 βασιλέων,
688 3610 862 3695 Αἰγύπτου
881 3611 939 3695 μὲν
958 3609 1149 3694 ἐβασίλευσε

112 3714 259 3799 τέτταρα
280 3715 337 3779 καί
359 3708 573 3801 ὀγδοήκοντα,
580 3714 708 3799 βιώσας
734 3712 804 3800 ἔτη,
833 3713 896 3793 ζῶν
919 3714 955 3778 δὲ
977 3711 1150 3799 παρέδωκε

112 3810 171 3899 τὴν
185 3811 288 3904 ἀρχὴν
297 3813 364 3905 πρὸ
376 3815 568 3884 δυοῖνέτοῖν
577 3822 634 3905 τῆς
646 3818 797 3901 τελευτῆς
806 3817 999 3900 Πτολεμαίῳ
1013 3818 1061 3900 τῶ
1075 3812 1147 3900 υίῶ,
1303 3886 1317 3897 ρ

110 3918 318 4007 ’Φιλαδέλφῳ
342 3920 378 3987 δὲ
400 3918 583 4008 ἐπίκλησιν,
614 3913 705 3995 ὅστις
729 3917 896 3998 διεδέξατο
915 3914 973 4004 τὴν
990 3917 1173 4005 πατρῴαν,
1248 3947 1260 3955 ·’

111 4021 298 4101 βασιλείαν.
335 4018 488 4112 ἀδελφῶν
506 4024 542 4090 δὲ
562 4023 752 4109 Φιλέταιρος
767 4021 827 4111 μὲν
840 4026 973 4113 πρῶτος
992 4020 1150 4110 ἐκτήσατο

175 4123 266 4167 Lamiani
280 4125 323 4169 vol.
333 4124 370 4167 ΠΙ.
962 4124 978 4176 7
