2782 4574
235 190 300 258 106
621 195 896 258 ΔΟΥΚΙΑΝΟΓ
928 194 932 202 ’

235 308 372 397 φάντων
393 305 511 377 ἀνίστα
538 308 645 373 ταῦτα
665 302 727 392 γάρ
745 303 832 389 μόνα
853 304 982 392 διαρκεῖ
1001 300 1087 392 πρὸς
1103 300 1143 371 τδ
1166 303 1271 392 δίψος

115 496 117 499 v
233 414 291 480 καί
309 409 458 495 ἀνέχεται
476 409 534 477 ἐπὶ
555 407 642 477 πολὺ
664 408 963 496 ταλαιπωρούμενα
982 404 1052 475 ἀπὸ
1066 410 1192 496 πολλῷ
1211 412 1270 479 καὶ

233 510 307 596 ἀξεί
321 521 369 601 τῷ
387 511 481 601 ἡλίῳ.
506 515 563 580 καὶ
582 507 672 596 ὅμως
685 511 719 579 02
731 511 944 598 Ιαράμαντες
955 508 1097 601 έπειδάν
1113 509 1157 577 τὰ
1174 517 1268 581 σιτία

232 612 511 684 καταναλώσωσιν
542 611 630 704 άπερ
661 613 788 699 ἔχοντες
818 609 991 702 ἀφίκοντο,
1023 610 1268 683 ἀπελαύνουσιν

233 715 347 810 ὀπίσω
365 713 478 801 εύθάς,
499 718 645 797 δεδιότες
661 715 706 804 μὴ
726 710 872 804 σφίσινῆ
889 715 1030 801 ψάμμος
1045 712 1269 803 ἀναφλεγεῖσα

193 874 196 875 ⁷
234 820 399 906 δύσβατος
415 823 471 888 καὶ
489 817 617 908 ἀπορας
633 824 778 907 γένηται,
802 814 874 885 ελτα
892 810 1007 905 ὥσπερ
1025 815 1117 897 έντὸς
1138 814 1268 908 ἀρκύων

233 926 418 1012 ληφθέντες
433 925 490 990 καὶ
508 919 604 991 αύτοὶ
617 919 811 990 ἀπόλωνται
822 916 907 1005 μετὰ
922 925 982 1006 τῆς
1000 915 1117 1008 ἀγρας·
1136 915 1269 1008 ἀφυκτα

179 1058 183 1091 ;
231 1026 295 1114 γάρ
314 1024 410 1106 ἔστιν,
428 1021 469 1111 ἢν
487 1021 505 1091 ό
522 1020 616 1114 ’ἥλιος
634 1021 831 1105 ἀνασπάσας
847 1048 905 1109 την
919 1020 1044 1106 ἰκμάδα
1055 1024 1112 1089 καλ
1127 1023 1269 1105 τάχιστα

233 1127 374 1216 ξηράνας
399 1125 456 1215 τὴν
480 1127 591 1215 χιύραν
616 1124 793 1216 ύπερζέσῃ,
822 1121 1041 1209 ἀκμαιοτέραν
1066 1121 1125 1213 τὴν
1151 1120 1270 1195 ἀκτῖνα

232 1227 434 1316 προσβαλὼν
452 1224 511 1296 ἀτε
527 1227 614 1314 πρὸς
630 1227 688 1318 τὴν
700 1229 814 1297 νοτίδα
830 1231 1140 1316 παρατεθηγμένην·
1156 1224 1268 1316 τροφὴ

232 1329 295 1420 γὰρ
311 1327 394 1420 αὕτη
411 1337 459 1419 τῷ
477 1337 570 1418 πυρί.

132 1453 134 1458 ’
200 1453 217 1502 ε
286 1441 406 1502 Καίτοι
430 1441 535 1503 ταῦτα
561 1434 672 1501 πάντα
699 1428 811 1500 ὁπόσα
837 1427 947 1513 εἶπεν,
979 1428 1018 1498 τὸ
1044 1431 1196 1513 θάλπος,
1225 1430 1267 1500 τό

234 1536 349 1622 δίψος,
373 1533 544 1626 ἡέρῃμία,
566 1534 605 1603 τὸ
628 1535 728 1623 μηδὲν
746 1532 829 1616 ἔχειν
851 1532 886 1600 ἐκ
906 1539 967 1622 τῆς
984 1540 1043 1622 γῆς
1064 1535 1187 1619 λαβεῖν,
1192 1569 1195 1575 ,
1208 1523 1269 1622 ἧς.

232 1662 290 1705 τον
307 1636 384 1722 ύμῖν
402 1639 539 1726 δυσχερῆ
560 1635 646 1706 εἶναι
667 1636 758 1718 δόξει
777 1641 837 1703 τού
862 1637 1120 1759 λεχθησομένου,
1147 1638 1205 1705 καλ
1222 1632 1266 1705 δι

233 1738 253 1806 ὃ
281 1745 424 1828 φευκτέα
442 1742 578 1821 πάντως
597 1736 618 1829 ἦ
638 1739 732 1827 χιόρα
754 1737 873 1839 ἐκείνη
900 1737 1081 1835 έρπετὰ
1043 1763 1106 1828 γαρ
1129 1740 1268 1809 ποικίλα

230 1846 370 1926 μεγέθει
390 1867 427 1909 τε
447 1847 586 1930 μέγιστα
606 1845 663 1909 καί
683 1834 812 1928 πλήθει
833 1841 1018 1949 πάμπολλα
1034 1839 1144 1908 καὶ
1107 1867 1169 1921 τας
1183 1866 1268 1931 μορ·

233 1939 302 2030 φάς
328 1940 491 2011 ἀλλόκοτα
516 1944 653 2013 καὶτὸν
680 1939 780 2010 λδν”
757 1969 868 2028 αμαχα
895 1941 1147 2027 ἐπινέμεται
1112 1970 1171 2031 την
1196 1951 1265 2033 γῆν,

104 2055 112 2061 “
217 2070 276 2119 ,τα
262 2043 352 2128 μέν
369 2041 570 2136 όποβρύχια,
596 2044 821 2135 φωλεύονταέ
822 2048 949 2133 νμυχῷ
966 2052 1025 2133 τῆς
1042 2045 1199 2132 ψάμμου,
1222 2045 1266 2114 τά

233 2143 312 2214 δέ”
290 2173 357 2214 ανω
376 2147 634 2231 ἐπιπολάζοντα,
658 2148 805 2238 φύσαλοι
826 2145 926 2214 καλ’
906 2171 978 2215 ασπ
980 2149 1047 2228 ίδες
1068 2152 1124 2215 καὶ
1142 2148 1268 2232 έχιδναι

202 2266 205 2275 ’
232 2251 288 2317 καί
309 2251 467 2337 κεράσται
488 2254 543 2319 καὶ
563 2251 786 2339 βουπρήστεις
806 2252 862 2317 καὶ
888 2247 1037 2319 ἀκοντίαι
1061 2254 1118 2321 καλ
1139 2249 1268 2341 ἀμφίσ-

230 2358 346 2436 βαιναι
363 2355 418 2421 καὶ
436 2353 608 2442 δράκοντες
624 2357 681 2421 καὶ
698 2359 866 2441 σκορπίων
887 2358 980 2441 γένος
1002 2352 1121 2434 διττὸν,
1143 2344 1182 2422 τδ
1204 2355 1266 2438 μέν

233 2454 342 2541 ἕτερον
365 2452 511 2541 ἐπίγειόν
531 2482 568 2524 τε
588 2459 645 2523 καὶ
664 2455 780 2539 πεζὸν,
803 2454 974 2546 ύπέρμεγα
996 2459 1052 2523 καὶ
1073 2454 1268 2544 πολυσφόνω

231 2556 340 2636 δνλον,
363 2556 508 2643 θάτερον
531 2560 568 2626 δέ
590 2558 734 2645 ἐναέριον
755 2562 812 2626 καλ
832 2558 965 2647 πτηνὸν,
989 2556 1211 2647 ύμενόπτερον
1229 2559 1268 2627 δδ

233 2655 289 2723 οῐω
305 2670 381 2737 ταῖς
397 2656 510 2749 ἀκρίσι
525 2663 582 2727 καὶ
598 2664 721 2743 τέττιξι
737 2664 793 2729 καί
810 2667 973 2749 νυκτερίσι
989 2659 1033 2728 τὰ
1049 2660 1167 2750 πτερά.
1195 2685 1268 2727 του-

233 2762 317 2825 αύτα
336 2756 433 2847 όρνεα
449 2762 559 2829 πολλὰ
578 2762 803 2848 ἐπιπετόμενα
821 2761 880 2832 ούκ
897 2761 1096 2852 εὐπρόσιτον
1117 2759 1267 2850 ἀπεργά-

197 2883 216 2931 4
233 2861 323 2942 ζεται
340 2860 397 2950 τὴν
408 2864 535 2951 Λιβύην
554 2864 686 2954 ἐκείνην.
711 2863 750 2934 τὸ
769 2867 806 2934 δέ
824 2863 864 2954 δὴ
881 2866 1015 2935 πάντων
1033 2864 1180 2954 έρπετων
1197 2865 1267 2932 δει-

232 2964 370 3031 νότατον
392 2955 437 3030 ὧν
458 2962 478 3051 ἡ
500 2968 641 3053 ψάμμος
661 2973 790 3057 τρέφει,
818 2965 839 3056 ἡ
867 2969 973 3055 διψάς
994 2967 1092 3050 ἐστιν,
1120 2963 1201 3056 όφις
1225 2963 1266 3037 οά

230 3064 320 3133 πάνυ
333 3070 444 3153 μέγας,
461 3067 566 3158 ἐχίδνῃ
580 3067 706 3154 ἀμοιος,
721 3069 759 3139 τδ
774 3072 881 3159 δῆγμα
893 3076 1013 3155 βίαιος,
1027 3069 1085 3139 τόν
1095 3068 1145 3138 ἰὸν
1154 3067 1264 3153 ταχύς,

231 3165 351 3247 ὀδύνας
362 3170 421 3254 μέν
435 3166 594 3258 ἀλήκτους
607 3171 740 3262 ἀπάγων
753 3170 870 3252 εόδύς·
889 3171 995 3241 έκκάει
1012 3178 1049 3241 τε
1061 3170 1124 3260 γάρ
1135 3175 1194 3240 καὶ
1206 3174 1267 3261 σή-

196 3296 201 3330 ’-
231 3296 291 3341 πει
307 3274 365 3338 καλ
380 3279 605 3361 πίμπρασθαι
621 3290 724 3357 ποιεῖ,
743 3279 799 3343 καὶ
815 3271 983 3361 βοωσιν“
954 3298 1069 3364 ωσπερ
1083 3273 1159 3343 οέέν
1172 3279 1265 3364 πυρᾷ

230 3379 385 3500 κείμενοι
416 3373 455 3442 τὸ
475 3376 511 3442 δὲ
496 3377 674 3461 ὲμάλιστα
690 3384 898 3446 καταπονοῦν
914 3380 971 3445 καλ
986 3382 1187 3467 κατατρῦχον
1204 3374 1266 3443 αύ-
1289 3417 1296 3429 =

229 3472 310 3557 τοὺς
328 3475 431 3544 ἐκεῖνό
449 3476 546 3559 ἔστιν,
571 3475 744 3566 όμιύνυμον
761 3481 879 3560 πάθος
895 3487 943 3568 τῷ
966 3480 1110 3605 έρπετῃῑ
1135 3481 1266 3566 διψωσι

229 3574 292 3665 γάρ
316 3575 584 3670 ελςόπερβολὴν,
612 3580 729 3649 καὶτὸ
752 3578 1201 3690 παραδοξότατονᾎόσῳπερ
1224 3578 1268 3650 ἀν

230 3687 365 3763 πίνωσι,
383 3684 533 3770 τοσούτῳ
552 3685 676 3768 μᾶλλον
693 3681 863 3775 ὀρέγονται
875 3693 935 3754 τού
948 3692 1066 3768 ποτοῦ,
1085 3681 1190 3783 καὶὴ
1188 3683 1298 3752 ἐπι-.-

230 3790 341 3869 θυμία
358 3783 445 3855 πολὺ
467 3789 568 3856 πλέον
591 3784 789 3857 ἐπιτείνεται
806 3786 931 3871 αύτοῖς.
967 3784 1074 3858 0136'N
1052 3817 1092 3859 αν
1110 3769 1267 3874 σβέσειάς

230 3886 314 3954 ποτε
335 3886 374 3955 τὸ
398 3888 513 3975 δίψος,
538 3886 610 3957 εὗδ’
627 3886 666 3979 ἢν
686 3888 743 3960 τόν
760 3895 879 3961 Νεῖλον
902 3889 1001 3961 αὐτόν
1022 3890 1044 3981 ἢ
1065 3890 1123 3961 τὸν
1136 3886 1268 3977 Ἴστρον

229 3981 309 4056 ἀλον
336 3988 462 4060 ἐκπιεῖν
490 3993 677 4083 παράσχῃς,
710 3990 795 4062 ἀλλά
819 3995 1078 4086 προσεκκαύσεις
1109 3992 1268 4082 ἐπάρδων
