2782 4574
319 211 325 220 ’
360 231 467 289 Lm.
493 230 663 287 αοοιοσ
681 230 711 287 n
731 231 868 289 nrm
889 232 915 288 1.
1093 221 1156 289 111

120 364 216 411 σεται
232 333 276 405 τά
295 331 392 425 δρνεα
408 337 465 403 καί
480 337 721 424 προκαιέδιται
737 332 795 425 τὴν
813 332 949 405 ἅπασαν
960 343 1020 405 τοῦ
1033 344 1160 430 θέρους

119 442 252 512 ἐλπίδα.
288 439 330 506 τά
347 437 410 528 γὰρ
427 444 568 506 τοιαῦτα
584 443 799 525 παραινέσας
819 440 879 523 μέν
900 441 958 507 καί
978 436 1192 530 ῦποθήκαςε

118 548 222 632 λέγων
240 539 299 610 οῦκ
316 536 356 609 άν
373 566 425 621 τις
443 538 640 628 ἆμαρτάνοι,
659 546 814 629 μαντικῆς
833 542 869 609 δδ
886 541 1049 628 πάμπολυ
1068 542 1158 615 άπα-

120 646 189 716 &zv
205 670 267 731 μοι
284 645 384 725 δοκεῖ,
402 633 443 732 ἧς
456 641 495 713 τὸ
511 643 604 732 ἔργον
615 643 658 712 τά
671 640 779 732 άδηλα
791 646 846 712 καί
860 640 989 734 οῦδαμῆ
1002 642 1159 732 οὐδαμῶς

120 746 249 840 φανερὰ
265 747 532 836 προγιγνώσκειν,
552 742 667 836 ῶσπερ
685 743 725 814 τὸ
742 752 790 835 τῶ
806 754 898 835 Μίνῳ
912 760 1088 837 προειπεῖν
1102 746 1157 820 ότι

121 850 220 939 λιτῷ
236 855 296 918 τοῦ
317 852 452 934 μέλιτος
473 854 571 936 πίθῳ
594 846 613 917 δ
635 860 718 929 παῖς
740 848 833 918 ἔσται
852 846 940 939 αὐτῷ
962 848 1157 921 ἀποπεπνι-

120 958 252 1043 γμένος,
275 955 332 1020 καί
348 949 388 1021 τὸ
407 964 478 1032 τοῖς
493 948 634 1035 Ἀχαιοῖς
650 958 862 1041 προμηνῦσαι
878 960 937 1041 τῆς
951 949 1158 1035 Ἀπόλλωνος

121 1053 219 1145 ὀργῆς
235 1053 294 1143 τὴν
312 1053 422 1123 αἰτίαν
435 1058 490 1122 καλ
502 1061 551 1142 τῷ
565 1054 693 1141 δεκάτῳ
703 1053 773 1122 ἔτει
792 1051 990 1124 άλῶσεσθαι
1001 1056 1040 1125 τὸ
1048 1053 1156 1126 Ἴλιον.

120 1163 226 1226 ταῦτα
246 1155 310 1245 γάρ
331 1154 352 1245 ἡ
374 1156 526 1246 μαντικὴ,
555 1156 629 1225 ἐπεὶ
650 1158 706 1224 καλ
726 1155 927 1225 τὰτοιαῦτα
950 1158 983 1228 εἴ
1000 1184 1052 1239 τις
1074 1157 1156 1250 αῦτῇ

121 1258 313 1347 ἀνατιθείη,
341 1257 400 1326 οῦκ
422 1255 461 1327 ἂν
483 1259 614 1348 φθάνοι
635 1254 718 1343 κάμλ
739 1259 857 1344 μάντιν
878 1262 995 1346 λέγων·
1022 1269 1158 1350 προερῶ

120 1361 182 1452 γὰρ
198 1365 257 1430 καί
274 1368 479 1449 προθεσπιῶ
496 1365 553 1429 καὶ
576 1352 862 1442 άνεάΚασταλίας
878 1365 935 1428 καὶ
956 1362 1085 1451 δάφνης
1100 1367 1157 1431 καὶ

120 1467 283 1554 τρίποδος
301 1467 481 1552 Δελφικοῦ,
502 1459 555 1532 ότι
572 1462 611 1553 ἢν
628 1461 749 1550 γυμνὸς
765 1469 825 1532 τοῦ
842 1463 961 1554 πράους
977 1471 1156 1554 περινοστῇ

120 1594 172 1648 τις
190 1565 307 1647 ῦοντος
323 1571 464 1653 προσέτι
484 1563 505 1655 ἢ
524 1566 732 1649 χαλαζῶντος
752 1573 811 1635 τοῦ
833 1571 932 1648 θεοῦ,
955 1564 1099 1654 ἠπίαλος
1116 1564 1156 1635 οῦ

121 1669 239 1760 μικρὸς
264 1668 478 1738 ἐπιπεσεῖται
501 1676 549 1757 τῷ
575 1670 733 1757 τοιούτῳ,
760 1667 876 1737 καὶτὸ
900 1667 949 1736 έιι
973 1694 1010 1757 γε
1036 1670 1156 1738 τοῦτον

120 1772 373 1860 μαντικώτερον,
398 1766 451 1840 ὅτι
471 1774 528 1838 καὶ
548 1777 658 1859 θέρμη
680 1770 765 1857 μετὰ
786 1779 903 1854 ταῦτα,
928 1769 975 1852 ῶς
994 1770 1034 1840 τὸ
1057 1771 1154 1854 εῦιὸς,

122 1874 361 1963 δπιγενησεται,
378 1876 436 1942 καί
452 1869 538 1951 άλλα
553 1873 665 1942 πολλὰ
681 1880 830 1957 τοιαῦτα,
851 1865 897 1941 ὧν
909 1878 1038 1961 γελοῖον
1052 1872 1092 1944 άν
1105 1876 1156 1963 εἴη

122 1984 325 2066 μεμνῆσθαι.
362 1972 448 2045 άίστε
466 1973 527 2056 τὰς
543 1977 602 2060 μέν
618 1977 777 2057 τοιαύτας
799 1975 984 2063 ἀπολογίας
1001 1980 1056 2045 καὶ
1073 2003 1156 2062 μαν-
1174 1999 1189 2047 9

121 2086 213 2159 τείας
230 2077 330 2168 άφες·
354 2078 456 2146 έκεῖνο
476 2080 512 2146 δὲ
530 2077 549 2145 ὃ
568 2078 699 2167 ε’ίρηκας
716 2078 750 2146 δν
768 2076 849 2168 άρχῇ
867 2079 950 2158 ἰ’σως
966 2081 1156 2166 παραδέξα-

121 2188 210 2250 σθαι
228 2178 330 2263 άξιον,
355 2178 401 2262 ῶς
419 2178 515 2249 οὐδὲν
531 2178 679 2269 ᾔδεισθα
696 2187 763 2248 τῶν
784 2183 974 2267 λεγομένων,
999 2179 1083 2267 ἄλλά
1103 2207 1157 2260 τις

121 2284 266 2369 ἔμπνοια
284 2284 455 2371 δαιμόνιος
474 2283 618 2351 ἐνεποίει
635 2307 691 2351 σοι
707 2281 749 2351 τὰ
766 2289 884 2373 μέτρα,
909 2279 948 2351 οὗ
970 2282 1058 2351 πάνυ
1078 2279 1156 2350 οῦδὲ

122 2386 227 2475 ἐκείνη
252 2392 389 2472 βέβαιος
416 2377 515 2454 οὖσα·
543 2383 580 2454 οῦ
608 2384 671 2473 γὰρ
698 2382 739 2454 άν
764 2383 807 2452 τὰ
831 2386 891 2470 μὲν
918 2384 1065 2454 έπετέλει
1089 2392 1156 2454 τῶν

122 2487 365 2578 ὑπεσχημένων,
384 2487 427 2556 τὰ
445 2486 476 2556 δ’
489 2485 586 2577 άτελῆ
605 2485 841 2574 ἀπελίμπανεν.

402 2743 609 2813 Ποοιοα
633 2744 669 2811 Η
694 2744 876 2812 mm.
980 2740 984 2749 ·
1077 2700 1080 2715 ’

173 2915 350 2972 Ammon.
378 2894 442 2967 Οὔκ
455 2897 518 2986 έγὼ
538 2898 646 2986 λ’λεγον
665 2894 719 2967 ότι
734 2904 861 2966 θάττω
878 2894 957 2977 τοὺς
973 2902 1081 2985 γῦπας
1095 2896 1156 2964 δω-
1175 2921 1188 2967 1
1249 2906 1254 2920 ⁴

121 3004 180 3081 λος
202 2999 315 3089 νεκρὸς
337 3000 370 3068 δν
393 3006 525 3090 φανερῷ
549 3006 698 3085 κείμενος
723 2997 745 3087 ἢ
766 3001 881 3085 θέαμά
902 3027 937 3068 τι
957 3007 1023 3069 τῶν
1045 3026 1157 3088 παρα-

122 3105 229 3187 δόξων
245 3104 409 3189 Τιμόλαον
427 3104 598 3183 διαλάθοι,
617 3098 678 3170 κάν
695 3101 910 3189 ἐςΚόρινθον
924 3103 981 3191 δέη
996 3100 1155 3171 άπνευστλ

121 3212 248 3276 θέοντα
266 3202 403 3275 άπιέναι
419 3204 476 3274 διὰ
493 3211 609 3290 τοῦτο,·
632 3200 719 3272 οάτω
741 3204 963 3293 φιλοθεάμων
985 3205 1024 3272 σά
1047 3229 1084 3292 γε
1101 3207 1158 3272 καὶ

123 3304 242 3390 άονινος
256 3307 299 3377 τὰ
316 3315 467 3378 τοιαῦτα.
547 3354 550 3361 1

175 3424 386 3486 ΤΙΜΟΔΔΟΣ.
415 3418 455 3482 Τί
470 3410 532 3501 γάρ
551 3411 619 3479 ἔδει
635 3411 693 3478 καί
709 3421 828 3492 ποιεῖν,
849 3398 1019 3492 ὦΛοκῑνε,
1038 3406 1156 3498 σχολὴν

122 3510 256 3603 δι’γονια,
275 3516 469 3603 πυθόμενον
484 3511 589 3595 οάτως
601 3511 812 3604 δπερμεγέθη
826 3518 906 3581 ναῦν
922 3516 978 3581 καὶ
995 3517 1083 3603 πέρα
1095 3517 1156 3580 τοῦ

120 3622 244 3705 μέτρου
268 3617 302 3699 ές
326 3616 384 3688 τὸν
404 3625 548 3709 Πειραιᾶ
573 3620 877 3687 καταπεπλευκέναι
900 3623 980 3702 μίαν
1004 3623 1070 3684 τῶν
1096 3610 1155 3681 ἀπ’

121 3720 298 3808 Αίγάπτοα
317 3722 366 3803 είς
378 3719 516 3793 Ἰταλίαν
534 3727 742 3811 σιταγωγῶνς
764 3717 859 3806 οίμαι
876 3720 985 3788 δὲκαὶ
1004 3715 1094 3806 σφὼ,
1120 3720 1158 3784 σέ

122 3847 161 3893 τε
184 3828 243 3893 καὶ
263 3825 445 3911 Σάμιππον
469 3829 614 3908 τουτονὶ,
641 3823 687 3913 μὴ
713 3820 782 3891 κατ’
802 3821 883 3891 ἄλλο
907 3848 943 3889 τι
968 3819 1006 3903 έξ
1029 3815 1158 3899 άστεως

121 3920 214 4016 ἥκειν
231 3924 253 4019 ἢ
271 3925 459 4016 ὀψομένους
474 3928 516 3998 τὸ
533 3933 662 4001 πλοῖον.

174 4046 261 4105 ΛΥΚ,
299 4029 351 4123 Νη
365 4039 439 4119 Δία,
458 4037 515 4103 καί
523 4030 730 4121 Ἀδείμαντος
748 4027 766 4100 ὁ
783 4027 1024 4121 Μυρρινούσιος
1042 4023 1158 4096 εἵπετο
