2792 4580
251 242 358 299 LXXI.
385 242 647 325 ΣΥΜΠΟΣῙΟῌ
665 244 899 300 H=AAss16AI
920 245 1041 301 21—26.
1097 234 1161 300 211

124 355 224 437 μένος
241 344 301 415 οόκ
314 345 462 434 ἠξίωσας
479 347 703 437 ἐναριθμῆσαι
719 345 803 434 κάμὲ
819 354 891 429 τοῖς
909 347 1023 430 ἀλλοις
1036 353 1160 438 φίλους,

125 449 211 522 ἀλλὰ
223 449 326 536 μόνος
339 449 403 537 ἐγώ
419 474 474 518 σοι
488 446 637 540 ἀμοιρος,
652 454 708 518 καί
720 457 826 520 ταῦτα
833 451 868 520 έν
879 452 1160 539 γειτόνων-οἰκῶν.

125 553 274 639 ἀνιῶμαι
290 543 349 621 οὖν
367 551 426 621 έπλ
441 556 497 622 σοὶ
513 551 552 622 τὸ
571 557 672 621 πλέον
695 550 801 635 οὕτως
818 552 986 644 ἀχαρίστῳ
1009 561 1161 643 φανέντι·

126 658 202 743 ἀμοὶ
218 654 281 743 γὰρ
298 683 319 743 η
306 651 586 741 ‘efflatum'
551 681 608 724 ουκ
626 653 736 738 ἀνὐος
747 653 863 748 ἀγρίου
875 656 1017 748 μοίρμῆ
1031 662 1161 781 λαγωοῦ

124 758 419 884 ἀγπλσκοῦντσς,“
399 785 422 825 α
439 785 510 848 παρ
507 755 644 839 ’ἀλλοις
661 756 825 849 ἀφθόνως
843 757 1054 828 ἀπολαύω
1019 788 1061 828 τα
1073 767 1162 829 καθ-

125 864 247 952 ήκοντα
263 839 398 943 εἰδόσιν,
419 860 494 930 ἐπει
511 865 566 930 καί
582 863 723 951 τήμερον
740 860 835 952 παρὰ
852 891 900 951 τφ
885 869 1051 953 μαθητῇ
1064 877 1162 949 Παμ-

125 970 217 1051 μένει
236 965 413 1051 δειπνῆσαι
429 962 664 1089 πολυτελές,ι
642 962 688 1045 ῶς
707 988 806 1053 φασι,
832 967 965 1034 δεῖπνον
984 967 1162 1052 δυνάμενος

127 1064 187 1136 εάκ
206 1065 398 1134 έπένευσαι
386 1067 572 1149 ικετεόοντι,
598 1065 690 1136 σοὶδ
713 1064 852 1156 ἀνόητος
874 1067 1013 1154 ἐμαυτὸν
1037 1068 1163 1158 φυλάτ-
1255 1128 1265 1148 ,

126 1195 203 1239 των.
245 1168 285 1236 σὺ
310 1169 345 1236 δέ
366 1165 454 1256 ἡμᾶς
475 1168 677 1256 παραλιπὼν
700 1166 820 1250 ἀλλους
842 1168 988 1254 εὐωχεῖς,
1012 1171 1160 1251 εἰκότως·
1179 1189 1233 1255 28]

65 1280 68 1288 “
128 1267 224 1340 οόπω
242 1269 304 1360 γὰρ
324 1272 464 1339 δύνασαι
482 1273 658 1361 διακρίνειν
679 1271 718 1339 τὸ
741 1276 870 1358 βέλτιον
888 1271 966 1340 οὐδὲ
987 1272 1045 1363 τὴν
1062 1299 1163 1340 κατα-

123 1371 287 1461 ληπτικὴν
309 1380 494 1462 φαντασίαν
517 1374 610 1457 ἔχεις.
656 1371 729 1441 ἀλλ’
751 1372 827 1443 οἶδα
855 1371 937 1442 ὅθεν
962 1399 1023 1460 μοι
1045 1381 1160 1457 ταῦτα,

126 1473 222 1566 παρὰ
239 1481 304 1542 τῶν
322 1483 531 1561 θαυμαστῶν
550 1499 609 1543 σου
629 1478 837 1567 φιλοσόφων,
860 1478 1089 1564 Ζηνοθέμιδος
1105 1479 1163 1545 καί
1273 1489 1276 1494 ’

126 1582 354 1666 Λαβυρίνθου,
374 1570 474 1647 ῶν-
487 1576 587 1667 ἀπείη
608 1579 644 1646 δὲ
660 1576 884 1669 ἧάίδράστεια
897 1616 939 1627 -
953 1582 1162 1667 συλλογισμῷ

128 1680 177 1749 ἑνὶ
194 1678 393 1769 ἀποφράξαι
414 1677 454 1748 ἀν
471 1706 531 1766 μοι
552 1681 693 1764 τάχιοτα
711 1683 798 1750 δοκῶ
816 1681 858 1749 τὰ
881 1681 1039 1767 στόματα.
1075 1677 1163 1769 ἢεί·

128 1785 227 1854 πάτω
245 1811 297 1865 τις
315 1782 433 1866 αὐτῶν,
452 1791 487 1851 τί
505 1784 575 1853 ἐστὶ
594 1789 794 1874 φιλοσοφία,
813 1782 835 1874 ἢ
852 1784 895 1853 τά
909 1791 1028 1872 πρῶτα
1045 1791 1160 1868 ταῦτα,

127 1893 162 1956 τί
179 1889 332 1976 διαφέρει
351 1893 461 1971 σχέσις
479 1888 592 1969 ἕξεως·
616 1888 735 1976 ἵναμὴ
759 1895 826 1956 τῶν
850 1886 987 1976 ἀπόρων
1010 1888 1095 1958 εἴπω
1118 1913 1161 1965 τι,

127 1995 297 2081 κερατίναν
318 1987 340 2077 ἢ
362 1996 520 2077 σωρείτην
540 1987 562 2077 ἢ
585 1992 761 2081 θερίζοντα
782 1991 889 2076 λόγον.
931 1987 1014 2056 ἀλλά
1041 1988 1081 2057 σὺ
1104 1990 1163 2074 μέν

129 2091 224 2161 ὄναιο
243 2090 358 2174 αὐτῶν,
379 2090 442 2179 ἐγὼ
461 2094 498 2160 δέ
517 2089 562 2172 ῶς
580 2089 620 2159 ἀν
633 2094 734 2177 μόνον
746 2090 785 2161 τὸ
799 2091 898 2158 καλὸν
917 2088 1046 2178 ἀγαθὸν
1064 2088 1163 2177 ἡγού-

108 2250 111 2253 .
129 2220 227 2281 μενος
245 2192 329 2262 εἶναι
348 2196 429 2263 σ’ίσω
449 2196 573 2285 ῥᾳδίως
590 2192 647 2282 τὴν
665 2193 809 2279 ἀτιμίαν.

180 2303 300 2365 Καίτοι
318 2293 412 2378 ὅπως
428 2296 473 2385 μὴ
493 2296 541 2376 εἰς
555 2296 675 2383 ἐκείνην
690 2297 763 2385 ἐ’χῃς
774 2295 992 2384 καταφεύγειν
1004 2292 1062 2382 τὴν
1075 2291 1161 2362 ἀπο-
1180 2315 1214 2362 24

129 2403 242 2488 λογίαν
259 2395 404 2490 ὕστερον,
428 2399 660 2468 ἐπιλαθέσθαι
677 2402 779 2487 λέγων
802 2398 835 2467 ἓν
855 2398 1005 2485 τοσοότφ
1023 2398 1162 2487 θορύβῳ

17 2520 18 2529 ’
129 2507 185 2570 καὶ
200 2503 386 2592 πράγματι,
411 2504 462 2583 δίς
481 2526 518 2571 σε
535 2502 674 2591 τήμερον
692 2503 955 2591 προσηγόρευσα,
978 2504 1036 2568 καὶ
1054 2500 1161 2569 ἕωθεν

18 2610 21 2619 ’
130 2598 188 2674 έπλ
204 2612 243 2694 τῇ
263 2606 351 2694 οἰκίᾳ
368 2608 424 2672 καὶ
442 2604 474 2673 ἐν
495 2613 543 2693 τῷ
559 2602 705 2692 »ἀνακείῳ
729 2604 856 2673 θόοντα
877 2594 1022 2692 όστερον.
1058 2610 1163 2670 ταῦτα

85 2707 91 2712 ’
130 2706 194 2796 ἐγὼ
217 2721 288 2788 τοῖς
310 2715 475 2797 παροῦσιν
498 2706 757 2795 ἀπολελόγημαι.
799 2708 829 2774 εί
851 2709 888 2774 δέ
911 2708 1046 2774 δείπνου
1070 2705 1162 2773 ἕνεκα
1180 2725 1214 2772 25

130 2807 326 2898 ὀργίζεσθαί
343 2835 398 2878 σοι
416 2811 517 2893 δοκῶ,
540 2810 580 2878 τὸ
598 2809 682 2879 κατὰ
699 2808 757 2878 τόν
777 2810 872 2878 Οἰνέα
890 2808 1057 2896 έννόησον·
1082 2804 1164 2894 ὄψει

129 2911 192 3003 γάρ
215 2916 271 2980 καὶ
291 2910 349 3000 τὴν
368 2909 513 3003 Ἄρτεμιν
535 2911 780 3001 ἀγανακτοῦσαν
803 2907 857 2980 ότι
878 2913 979 3000 μόνην
1002 2907 1102 2998 αὐτὴν
1124 2906 1162 2977 οό

76 3043 77 3046 ’
130 3019 316 3105 παρέλαβεν
339 3014 459 3094 ἐκεῖνος
485 3015 544 3083 ἐπὶ
563 3015 622 3103 τὴν
644 3022 782 3096 θυσίαν,
810 3012 888 3093 τοὺς
916 3011 1036 3092 ἀλλους
1061 3010 1165 3093 θεοὺς

132 3117 259 3188 ἑστιῶν.
294 3143 366 3207 φησ
368 3118 434 3185 ίδέ
450 3115 587 3206 περὶ’
548 3124 655 3185 αυτῶν
665 3112 801 3240 Ὅμηρος
820 3107 886 3181 ὧδέ
903 3141 986 3196 πως,

123 3311 129 3316 ·
202 3216 246 3288 ”H
259 3217 410 3288 λάθετ’”
389 3248 409 3308 η
429 3216 488 3287 οόκ
506 3216 686 3307 ἐνόησεν,
667 3220 795 3286 αάσατο
814 3217 850 3283 δέ
867 3221 951 3307 μέγα
969 3222 1087 3302 θυμῷ

107 3350 189 3392 και
203 3320 316 3412 Ευριπ
318 3324 398 3410 ί,δης
605 3356 608 3361 ·

262 3423 421 3493 Καλυδὼν
438 3425 496 3509 μὲν
512 3420 572 3512 η’δε
589 3436 682 3512 γαῖα,
701 3424 871 3501 Πελοπίας
885 3418 1010 3504 χθονὸς

263 3526 297 3596 ἀν
315 3526 574 3615 ἀντιπόρθμοις,
594 3525 685 3596 πεδί
661 3525 801 3610 ίεχουσ
796 3521 918 3593 ἐόδαί
905 3530 1012 3610 ίμ.ονα

133 3634 190 3700 καί
206 3635 389 3721 Σοφοκλῆς,

306 3733 392 3813 Συὸς
409 3737 562 3819 μέγιστον
577 3729 670 3822 χρῆμ
686 3732 731 3800 έπ
727 3729 810 3800 Οίν
813 3737 874 3809 έως
891 3729 986 3817 γόαις

308 3833 403 3925 ἀνῆκε
419 3840 550 3921 Λητοῦς
566 3846 649 3913 παῖς
667 3833 821 3920 ἑκηβόλος
837 3832 915 3899 θεά.

134 3940 239 4010 ταῦτά
262 3965 318 4009 σοι
340 3937 409 4009 ἀπὸ
432 3940 565 4006 πολλῶν
588 3933 683 4024 όλίγα
704 3939 910 4024 παρεθέμην,
935 3928 1029 4011 ὅπως
1049 3927 1165 4017 μόθης
1183 3949 1216 3999 ει

133 4042 209 4113 οἷον
227 4040 330 4133 ἀνδρα
347 4037 550 4136 πάραλιπῶν
562 4041 704 4131 Δίφιλον
721 4036 833 4128 ἑστιᾷς
849 4039 906 4104 καὶ
916 4032 1058 4192 τργοίὸν
1070 4029 1166 4120 ,αὐτῷ
