2792 4580
234 191 375 255 LXXIII·
399 192 419 230 ὓ
435 188 768 251 ΔΗΜΟΣΘΕΝΟΥΣ
783 195 937 250 ΕΓΚΩΜ.
954 193 1057 251 5-10.
1093 180 1160 246 241

123 298 193 390 γὰρ
218 294 258 366 ἀν
283 295 430 386 τάληθὲς
453 295 716 388 ἀποκρυψαίμην
741 339 784 351 -
810 295 1072 389 εὐπρεπέστερον
1101 300 1161 384 μὲν

126 397 451 492 ῥαθυμίαςίίττικῆς
468 402 713 472 καθάπτεσθαι
725 408 951 491 Δημοσθένης,
972 399 1061 492 ότῆν
1072 428 1163 493 παρ·

124 510 256 595 ρησίαν,
276 499 323 585 ιύς
340 529 453 594 φασιν,
473 500 650 591 ἀνειμένος,
668 511 729 573 τοῦ
745 503 823 586 τούς
836 502 983 589 ᾌχαιούς
996 503 1162 591 Ἀχαιίδος

123 607 384 694 προσειπόντος,
409 608 627 698 διαρκεστέρφ
647 609 683 676 δὲ
700 609 785 698 τόνῳ
808 609 995 694 πνεύματος
1016 606 1078 687 τὰς
1090 605 1161 675 Ἑλ-

125 706 259 798 ληνικὰς
277 706 496 799 ἀποπληροῦν
511 713 698 801 τραγῳδίας
718 718 779 779 τού
800 710 923 798 μεταξὺ
945 717 1003 800 τῆς
1022 707 1161 796 ἀκμαιο-
1253 784 1256 791 ,

89 846 98 855 ·
124 812 228 900 τάτης
252 812 360 900 μάχης
386 813 561 901 διαλόγους
583 810 849 896 ἀναπλάττοντας
874 817 930 881 καί
954 815 1081 900 μύθοις
1102 811 1160 901 τῆν

124 912 236 1004 φοράν
254 916 494 997 σκεδαννύντος.
520 917 682 998 πολλάκις
700 919 737 986 δὲ
747 916 832 1003 μετὰ
848 923 908 985 τού
922 922 1160 1006 Δημοσθένους
1177 934 1195 986 8

125 1020 183 1106 καὶ
199 1023 303 1108 μέτρα
320 1018 435 1087 κάλων
452 1023 508 1087 καὶ
523 1021 649 1109 ῥυθμοί
662 1023 719 1088 καλ
730 1021 847 1107 βάσεις
861 1017 920 1088 ούκ
934 1020 995 1103 ’ἐξω
1009 1027 1067 1108 τῆς
1080 1046 1160 1088 ποι-

125 1126 239 1209 ητικῆς
255 1117 374 1210 ῆδονῆς
392 1122 628 1209 δκβιβάζουσιν,
653 1120 767 1212 ὥσπερ
786 1120 857 1190 οὐδ’
871 1119 1007 1248 Ὅμηρος
1025 1121 1161 1210 ἐλλιπὴς

125 1219 369 1295 ἀντιθέσεων“
347 1252 369 1290 υ
364 1225 608 1313 παρισωσεων
624 1253 644 1316 η
664 1225 838 1314 σχημάτων
851 1222 1084 1315 τραχύτητοςῆ
1102 1251 1161 1291 κα-

126 1326 325 1451 θαρότητος.
362 1324 465 1394 ἀλλ”
447 1353 533 1396 εοικε
555 1329 656 1418 φύσει
677 1354 751 1411 πως
772 1326 941 1427 ύπάρχειν,
964 1340 1039 1407 ταῖς
1060 1326 1160 1394 δυνά-

125 1453 203 1515 μεσι
221 1427 281 1510 τὰς
299 1425 429 1554 ἀρετάς
436 1429 697 1515 ἐπιπεπλέχθαι.
728 1431 841 1500 πόθεν
856 1428 919 1519 γὰρ
938 1427 978 1519 δὴ
996 1438 1161 1553 περιφρο-

126 1529 265 1621 νοίην
243 1530 367 1621 αυτὴν
394 1532 454 1622 σῆν
478 1534 685 1660 Καλλιόπην,
713 1533 877 1662 τοιαύτην
893 1559 930 1621 γε
956 1531 1160 1618 γιγνώσκωνς

125 1632 195 1702 ἀλλ
208 1627 338 1703 οὐδὲν
319 1662 416 1724 ηττον
433 1632 555 1722 τούμδν
573 1635 746 1725 ἀγώνισμα
762 1640 828 1706 τἰῦν
847 1636 895 1716 εἷς
904 1632 1074 1723 (ομηρον’
1059 1659 1160 1723 εγκω-
1178 1655 1195 1705 ε

125 1743 211 1822 μίωυ
229 1738 408 1809 διπλάσιον
426 1739 518 1830 ’ἔργον
535 1737 558 1830 ἢ
573 1739 652 1821 τοὺς
670 1739 750 1820 σούς
768 1740 801 1820 ές
819 1743 1037 1828 Δημοσθένην
1061 1736 1159 1805 ἐπαί-

18 1858 20 1865 ”
126 1864 202 1918 υοας
223 1846 358 1930 τίθημι,
384 1839 421 1910 ού
442 1856 512 1923 τοῖς
532 1849 679 1934 μέτροις,
704 1841 788 1911 ἀλλὰ
809 1850 849 1933 τῆ
873 1841 1040 1909 ὑποθέσει
1061 1843 1157 1930 φημί,

18 2010 19 2013 ,
126 1948 173 2030 τῷ
189 1938 313 2028 τούμὸν
331 1945 391 2028 μὲν
409 1942 467 2012 ούκ
485 1945 569 2029 ἔχειν
587 1945 720 2035 ἑδραίαν
732 1944 807 2013 τινὰ
819 1946 965 2036 κρηπῖδα
978 1952 1044 2013 τῶν
1063 1943 1176 2011 &nat-1
1272 1966 1276 1971 ·

18 2044 19 2047 “
126 2070 190 2114 κων
216 2042 486 2173 ύποβάλλεσθαι,
514 2048 600 2136 πλῆν
626 2073 663 2134 γε
687 2055 746 2136 τῆς
771 2054 946 2134 ποιητικῆς
970 2043 1086 2143 αὐτῆς·
1116 2043 1160 2113 τ’δι

127 2143 159 2214 δ
175 2144 260 2215 ἀλλα
277 2176 324 2238 τιμ
309 2144 438 2236 ’μέν’
419 2158 548 2276 ασαφῆ,
567 2153 689 2240 πατρὶς
705 2153 762 2217 καὶ
777 2154 870 2236 γένος
891 2151 947 2215 καί
961 2149 1089 2237 χρόνος
1129 2146 1160 2214 εἰ

125 2256 204 2338 γοῦν
220 2277 253 2319 τι
272 2250 436 2379 σοφός’
395 2259 504 2321 αυτιῦν
521 2245 569 2342 ῆν,

290 2351 350 2423 ούκ
367 2359 404 2444 ῆν
422 2352 463 2423 ἀν
480 2353 680 2446 ἀμφίλεκτος
698 2322 932 2443 ἀνθρώποις”
914 2380 994 2443 ερις,

125 2464 232 2544 πατρί
218 2459 274 2525 ίδα
295 2460 355 2543 μέν
377 2456 467 2547 αύτῷ
489 2457 673 2526 διδόντων’
672 2457 728 2527 λον
750 2486 770 2546 η
755 2453 1024 2547 ”Κυλοφιῦναῆ
1046 2455 1182 2544 Κύμην
1281 2510 1288 2522 .

126 2586 147 2647 η
131 2555 288 2627 ἈἉΧίου
266 2588 286 2648 η
304 2561 457 2650 Σμύρναν
477 2590 497 2655 η
482 2559 627 2652 θῆβας
643 2560 704 2641 τὰς
720 2561 908 2686 Αἰγυπτίας
922 2588 945 2684 η
963 2587 1027 2646 μορ
1031 2565 1083 2638 ίας
1031 2556 1160 2626 ίάλ

126 2664 198 2743 λας,
215 2668 347 2752 πατέρα
364 2665 400 2732 δὲ
414 2672 486 2733 Μαί
487 2690 546 2734 ονα
562 2664 620 2734 τὸν
632 2660 783 2734 Λυδὸυ”
761 2691 782 2752 η
802 2661 954 2747 ποταμὸν
967 2666 1022 2728 καὶ
1035 2653 1161 2749 μητέρα

125 2766 334 2854 Μελανάπην
350 2770 471 2935 φασὶν
480 2796 501 2857 η
523 2770 654 2889 νύμφην
675 2774 741 2835 τῶν
760 2767 919 2855 Δρυάδων
942 2762 1158 2853 ἀνθρωπίνου

125 2863 278 2956 γένους
258 2875 394 2959 απορίφ,
411 2871 528 2959 χρόνον
545 2868 632 2938 δὲ
598 2896 657 2938 τον
674 2868 814 2959 ἡρωϊκὸν
832 2866 853 2956 ῆ
870 2867 927 2935 τὸν
937 2863 1085 2947 Ἰωνικὸν,
1105 2866 1185 2931 καὶ

125 2966 241 3094 μηδ”
220 2997 315 3051 οπως
330 2970 418 3058 πρὸς
430 2970 487 3040 τὸν
496 2969 568 3042 ‘Hal
553 2973 645 3042 ίοδον
660 2970 742 3056 εἶχεν
754 2969 882 3061 ἡλικίας
896 2994 1013 3091 σηφως
1027 2968 1159 3048 εἰδέναι,

127 3069 216 3141 ὅπου
238 3098 276 3160 γε
297 3076 353 3142 κοιλ
373 3070 518 3161 τούνομα
539 3075 606 3162 πρὸ
629 3082 689 3143 τοῦ
711 3080 874 3166 γνωρίμου
897 3071 936 3140 τὸ
959 3075 1161 3159 Μελησιγενῆ

126 3181 357 3299 προκρίνουσι,
362 3177 479 3307 τύχην
502 3178 538 3245 δέ
560 3183 637 3246 πενί
637 3205 712 3268 ανη
697 3173 888 3256 πάθος’
872 3175 1040 3259 ομμάτων.
1077 3171 1162 3241 ἀλλά

124 3275 192 3365 μὴν
207 3276 379 3364 βέλτιον
356 3307 396 3347 αν
410 3280 460 3369 ε’ίη
474 3283 646 3347 καὶταῦτα
659 3279 743 3346 δᾶν
729 3307 762 3347 εν
776 3277 904 3368 ἀοαφεῖ
915 3281 1055 3361 κείμενα.
1083 3276 1162 3362 περί

127 3378 243 3448 στενὸν
264 3383 304 3471 δή
331 3407 390 3467 μοι
416 3385 535 3474 κομιδῆ
561 3381 599 3451 τὸ
628 3382 802 3472 έγκιύμιον,
831 3388 967 3468 ποίησιν
994 3376 1162 3467 ἀπράκτου

127 3481 304 3553 ἐπαινέσαι
319 3489 376 3553 καί
394 3494 516 3577 σοφίαν
534 3486 569 3554 ἐκ
580 3493 646 3554 τῶν
661 3485 750 3555 ἐπῶν
765 3485 971 3572 εἷκαζομένην
985 3485 1161 3569 συλλέγειν.

122 3580 189 3651 ,“τὸ
208 3587 244 3653 δὲ
267 3584 354 3669 σὸν,”
380 3589 457 3679 ἐ’φη,
476 3587 585 3673 ίΪκοιτδι
604 3588 715 3678 χειρὸς
737 3588 919 3676 ἐπίδρομόν
940 3612 976 3654 το
998 3591 1054 3653 καί
1074 3588 1162 3651 λεῖον
1181 3603 1214 3652 10

128 3683 182 3774 ἀφ’
203 3684 398 3781 ὡρισμένοις
423 3694 537 3758 τεκαὶ
558 3693 856 3782 γυωρίμύιςμόνον
879 3689 1063 3774 ὀνομάτων,
1091 3684 1162 3769 οἷον
1206 3704 1211 3709 ’

128 3785 220 3876 όφυν
239 3791 371 3878 ύτοιμυν
387 3789 586 3882 ἡδυσμάτων
603 3793 697 3880 παρὰ
715 3801 775 3861 σοῦ
794 3794 958 3878 δεόμενον.
989 3797 1025 3858 τί
1041 3787 1103 3878 γὰρ
1122 3784 1161 3856 ού

127 3896 214 3978 μέγα
234 3901 283 3982 τῷ
301 3900 512 3985 Δημοσθένει
533 3898 589 3962 καλ
611 3895 764 3985 λαμπρὸν
784 3893 806 3985 ἡ
827 3896 907 3981 τύχη
930 3901 1101 3983 προσῆψε,
1128 3895 1164 3960 τί

129 3993 162 4063 δ’
174 3991 212 4141 o?
232 3997 411 4087 γνώριμονς
434 3994 637 4090 ούκῖίθῆνάι
652 3999 713 4087 μίν
730 3996 820 4089 αύτῷ
833 4000 955 4088 πατρὶς
973 3997 1009 4064 αλ
1021 3997 1163 4086 λιπαραὶ

202 4100 278 4145 uesani
292 4101 379 4147 vol-111.
957 4100 991 4156 16
