2792 4580
221 220 296 287 '280
546 228 549 233 '
623 226 893 286 Aormnow

282 355 379 410 KPIT.
413 335 460 404 Σὺ
483 327 603 421 Μὶν
577 363 603 401 ω
626 332 783 423 Τριεηκῦν,
809 332 887 403 ὅσον
910 339 1076 423 πέλεθρον
1098 333 1268 425 ἀνάδραμε

231 439 283 509 ἀπ
280 439 430 531 ἕμσύ,”
415 467 467 506 ινα
484 437 528 527 μὴ
547 437 586 505 τό
605 446 734 522 πνεῦμα
754 438 851 528 έξάρη
870 464 908 505 σε
925 464 979 503 και
969 439 1178 526 πεδάρσιος
1193 454 1269 522 τοῖς

115 556 118 563 ’
230 539 407 623 πολλοῖς’
389 548 558 630 αναφανῇς
575 535 631 608 καί
649 567 715 608 που
734 540 931 608 καταπεσὼν
948 543 1188 629 Τριεφιύντειον
1206 549 1268 611 πέ-

232 649 332 733 λαγος
348 671 478 729 κατονογ
465 646 588 733 μάσης,
614 642 660 723 ιδς
677 647 733 710 καὶ
744 639 870 729 ”Ικαρος
887 642 925 710 τὸ
949 645 1081 729 πρίν·
1067 644 1089 711 ἀ
1107 643 1169 732 γὰρ
1188 643 1270 735 ἀκή-
1274 684 1277 691 ·

199 768 205 775 '
228 774 295 816 κοα
311 749 452 834 τήμερον
470 748 563 834 παρὰ
581 755 647 813 τῶν
660 750 929 834 τρισκαταράτων
942 746 1072 815 ἐκείνων
1086 755 1267 836 σοφιστῶν,

228 853 383 938 μεγάλως
401 851 573 937 έξιύγκωσέ
588 877 652 935 μου
671 849 729 936 τὴν
747 851 854 937 νηδύν.

284 970 406 1024 ΤΡΙΕΦ.
439 950 518 1038 Ἐγῶ
540 954 599 1036 μέν
626 950 880 1038 ἀναδραμούμαι
907 950 1036 1021 δπύσον
1061 955 1117 1019 καὶ
1142 954 1267 1039 βούλει,
1376 992 1377 1047 η

232 1052 274 1123 σὺ
294 1057 330 1121 δὲ
349 1053 539 1139 ἀμπνευοον
556 1062 615 1121 τοῦ
635 1058 754 1123 δεινοῦ.
1376 1058 1377 1087 ¹

284 1173 380 1227 KPIT.
420 1164 466 1224 Φῦ
486 1165 533 1245 φῦ
553 1164 599 1246 φῦ
620 1166 666 1245 φῦ
684 1166 751 1225 τιῦν
767 1155 883 1225 ύδλων
901 1157 1039 1239 ἐκείνων,
1065 1156 1117 1224 ίοδ
1141 1156 1194 1225 lo&
1213 1156 1268 1226 ίοδ

234 1260 285 1328 ίοδ
305 1267 371 1327 τῶν
390 1262 506 1328 δεινῶν
522 1264 766 1346 βουλευμάτων,
791 1264 828 1329 αἲ
846 1264 884 1328 αἲ
902 1260 938 1328 αἲ
955 1263 993 1328 αἲ
1009 1267 1076 1327 τῶν
1097 1268 1196 1329 κενῶν
1215 1260 1268 1328 έλ-

232 1366 351 1432 πίδων.
413 1360 415 1369 ⁴
834 1433 837 1439 ,

135 1536 138 1541 .
198 1490 215 1539 8
283 1483 406 1537 ΤΡΙΕΦ.
444 1469 556 1551 ’Βαβαὶ
581 1474 642 1534 τοῦ
670 1466 941 1555 ἀναφυσήματος,
970 1463 1016 1545 ὥς
1041 1465 1103 1545 τὰς
1128 1468 1269 1553 νεφέλας
1377 1534 1378 1577 η

205 1656 209 1663 .
234 1570 425 1656 διέστρεψε·
458 1570 601 1656 ζεφύρου
628 1569 690 1657 γὰρ
718 1570 933 1648 ἐπιπνέοντος
964 1570 1089 1654 λάβρον
1114 1571 1269 1650 καὶτοῖς
1377 1654 1378 1657 ¹

231 1676 373 1755 κύμασιν
397 1671 638 1752 έπωδίζοντος,
662 1678 780 1757 βορέην
804 1669 881 1759 ἀρτι
899 1669 961 1738 ἀνδι
977 1669 1035 1758 τὴν
1053 1674 1270 1759 Προποντίδα
1338 1754 1347 1764 ¹

232 1779 407 1859 κεκίνηκας,
429 1770 473 1850 ὡς
492 1773 548 1839 διὰ
566 1774 674 1840 κάλιυν
693 1775 728 1840 αἱ
746 1773 885 1851 ὁλκάδες
901 1774 934 1853 ἒς
946 1772 1003 1841 τὸν
1015 1770 1170 1854 Εὔξεινον
1183 1776 1268 1841 πόν-

231 1901 290 1942 τον
316 1875 519 1961 οίχήσονται,
552 1883 617 1943 τιῦν
643 1878 796 1960 κυμάτων
823 1875 1115 1944 έπεκυλινδούντων
1147 1876 1182 1943 ἐκ
1207 1882 1267 1944 τοῦ

233 1979 444 2065 φυσήματος,
469 1975 548 2044 ὅσον
572 1981 695 2067 οἴδημα
712 1993 784 2058 τοῖς
806 1978 954 2066 ἐγκάτοις
977 1977 1130 2045 ἐνέκειτο·
1157 1978 1267 2059 πόσος

232 2076 460 2168 βορβορυγμός
481 2107 522 2147 κα
525 2083 672 2160 ίκλύνος
698 2082 756 2171 τήν
781 2087 924 2169 γαστέρα
947 2107 1007 2148 σου
1032 2082 1266 2170 συνετάρασσε.

232 2185 408 2252 πολύωτον
426 2182 563 2251 σεαυτὸν
582 2182 797 2275 ἀναπέφηνας
813 2192 960 2251 τοσαῦτα
977 2181 1140 2271 ἀκηκοώς,
1159 2180 1234 2251 εί
1208 2209 1265 2293 ως,

231 2285 316 2353 κατὰ
333 2286 373 2353 τὸ
391 2288 582 2371 τερατῶδες,
602 2291 658 2354 καί
677 2288 733 2354 διὰ
751 2296 817 2354 τῶν
837 2284 960 2368 ὀνύχων
977 2283 1137 2374 ήκηκόεις.

285 2406 381 2459 ΚΡΙΤ.
419 2387 461 2456 Οά
484 2391 677 2474 παράδοξόν
698 2415 749 2466 τι,
777 2380 803 2454 ὦ
830 2396 989 2477 Τριεφιῦν,
1017 2387 1191 2476 ἀκηκοέναι
1211 2389 1270 2477 καί
1357 2412 1380 2436 -’

234 2487 276 2558 δι’
293 2488 429 2572 ὀνύχων·
444 2491 561 2557 *καὶ
525 2518 587 2578 γαρ
606 2493 727 2579 κνήμην
743 2498 886 2578 γαστέρα
903 2497 1066 2559 τεθέασαι
1086 2494 1141 2558 καί
1163 2516 1270 2578 κεφα-

234 2591 293 2680 λήν
310 2595 452 2660 κύουσαν
475 2597 530 2659 καὶ
554 2591 704 2680 ἀνδρείαν
728 2594 829 2683 φύσιν
853 2594 886 2673 ἒς
907 2600 1092 2681 γυναικείαν
1114 2593 1270 2681 ἐνεροβα·

233 2703 356 2764 τοῦσαν
373 2700 429 2762 καὶ
447 2696 482 2763 ἐκ
499 2704 660 2782 γυναικών
679 2693 775 2781 όρνεα
796 2698 1081 2782 μεταβαλλόμενα·
1101 2698 1158 2762 καὶ
1182 2691 1270 2775 όλως

232 2800 423 2885 τερατιύδης
449 2794 467 2864 δ
492 2804 580 2882 βίος,
610 2799 640 2866 εἰ
664 2801 780 2883 βούλει
805 2801 976 2866 πιστεύειν
1001 2811 1073 2877 τοῖς
1098 2809 1269 2886 ποιηταῖς.
1357 2874 1363 2879 ,

234 2900 302 2969 ἀλλ’
319 2899 420 2967 ε(έπεί
442 2926 480 2967 σε
501 2908 634 2987 πρῶτον
656 2903 777 2982 κιχάνω
790 2901 880 2990 ,τῷδ’
897 2903 946 2970 ἐνὶ
959 2899 1088 2988 χώρῳ,”
1113 2898 1271 2984 ἀπίωμεν

235 3003 319 3070 ’ένδα
342 3003 381 3070 αἱ,
399 3004 563 3071 πλάτανοι
585 3001 756 3091 τδννήλιον
777 3006 955 3135 ε’ήργουσιν,
985 3002 1123 3091 ἀηδόνες
1149 3005 1186 3070 δὲ
1211 3005 1270 3070 καί

230 3106 447 3189 χελιδόνες
419 3104 517 3194 εύηχα
540 3108 787 3189 κελαδοῦσ,ινἰ
779 3105 816 3232 ιἠύ
836 3134 855 3195 η
844 3105 1005 3194 μελῳδ
1004 3131 1027 3172 α
1052 3114 1119 3174 τῶν
1125 3104 1270 3230 ὀρνέων

180 3312 345 3398 ψυχὰς
363 3316 587 3394 καταθέλξειν.

198 3437 217 3485 ι
285 3432 407 3487 ΤΡΙΕΦ.
436 3415 559 3501 Ἴωμεν,
580 3444 606 3483 ω
593 3408 760 3503 Κριτία·
784 3415 868 3484 ἀλλὰ
886 3417 981 3500 δέδια
998 3414 1046 3501 μή
1064 3439 1131 3482 που
1150 3409 1270 3501 ἀπφδη

232 3519 270 3587 τό
298 3518 497 3608 ήκουσμένον
520 3520 591 3588 ἐστὶ
617 3526 674 3586 καί
698 3546 740 3604 με
766 3518 888 3604 ὕπερον
914 3516 936 3606 ἢ
958 3518 1121 3606 θύρετρον
1141 3513 1162 3604 ἢ
1185 3512 1277 3582 ἀλλο

147 3646 151 3657 ·
233 3652 267 3694 τι
284 3632 349 3692 των
368 3621 506 3711 ἀψύχων
526 3621 751 3711 ἀπεργάσεται
764 3621 784 3713 ή
798 3627 976 3706 θαυμασία
990 3647 1051 3689 σου
1068 3616 1151 3708 αύτη
1166 3616 1271 3686 κατά-

233 3732 362 3817 πληξις.

220 3906 235 3915 „
285 3849 381 3902 KPIT.
417 3831 468 3921 Νὴ
490 3831 548 3899 τὸν
565 3838 631 3899 Δία
652 3829 709 3899 τὸν
733 3829 894 3918 αἰθέριον,
920 3825 1077 3895 οὖντοῦτο
1095 3826 1269 3914 γενήσεται·

235 3933 291 4002 ἐπὶ
312 3941 376 4002 σοί.

287 4052 409 4108 ΤΡΙΕΦ.
441 4035 524 4105 ''Eu-
536 4064 578 4123 με
605 4038 810 4128 ίξεφόβησας
830 4033 888 4105 τόν
909 4040 975 4104 Δία
998 4030 1270 4117 έπομοσάμενος·
