2782 4574
224 232 291 300 124
611 228 869 301 Κοτκιικοκ
1219 217 1253 228 ’“

221 336 375 438 διάβαινε
391 349 430 418 τὸ
450 348 556 432 δεξιὸν
575 346 671 436 δι’χων,
696 346 768 416 εἶτα
791 348 853 436 δχῶ
876 351 931 416 καὶ
952 346 1023 434 μετ’
1038 347 1095 437 ἐμὲ
1116 344 1137 418 δ
1159 347 1263 438 Τιμό-

174 477 210 528 ει
226 458 315 536 λαος.
345 453 403 522 ἐπί
421 458 508 522 πᾶσι
527 453 563 520 δὲ
580 451 618 520 τὸ
639 451 777 519 ἱππικόν
795 448 854 539 άχε
868 451 918 534 σὺ,
937 443 966 518 ὦ
980 449 1177 539 Ἀδείμαντε.
1203 459 1263 525 καί

225 556 282 626 διὰ
298 559 358 643 μὲν
375 563 434 644 τῆς
450 561 713 640 Μεσοποταμίας
731 551 841 634 ούδεὶς
862 550 1045 644 ἀπήντηκεν
1062 553 1142 646 ήμῖν
1159 560 1264 627 πολε.

223 682 311 747 μιος,
332 657 415 727 ἀλλὰ
434 658 561 739 ἑκόντες
579 656 701 738 αύτούς
716 684 754 725 τε
770 660 826 725 καὶ
838 656 898 738 τὰς
912 655 1112 745 ἀκροπόλεις
1125 655 1262 750 δι’νθρω-

105 832 107 839 ,
222 778 288 833 ’ποι
311 762 519 851 ἐνεχείρισαν,
547 761 683 857 καὶιέπὶ
704 764 887 848 Βαβυλῶνα
910 761 1067 842 ἐλθόντες
1089 760 1263 850 ἂπροσδό-
1297 836 1304 842 ,
1386 814 1388 837 .

219 891 319 955 κητοι
336 866 555 954 παρήλθομεν
573 864 607 951 ἐς
623 863 662 934 τὸ
682 866 762 933 ε’ίσω
779 871 846 933 τῶν
863 869 979 947 τειχῶν
996 867 1052 932 καί
1070 863 1184 949 ἔχομεν
1200 865 1261 956 τήν

220 969 335 1038 πόλιν.
362 964 382 1035 δ
399 967 556 1053 βασιλεὺς
570 971 606 1036 δὲ
618 972 696 1057 περὶ
709 973 931 1056 Κτησιφῶντα
949 969 1127 1056 διατρίβων
1139 966 1262 1057 ήκουσε

225 1069 284 1160 τήν
305 1070 445 1160 ίφοδον·
473 1068 545 1140 εἶτα
572 1071 607 1153 ίς
627 1073 818 1141 Σελεύκειαν
844 1068 1025 1160 παρελθὼν
1048 1072 1263 1157 παρασκευά-
1388 1096 1389 1105 ’

225 1174 318 1257 ζεται
337 1175 462 1254 ἱππίας
478 1199 514 1242 τε
529 1171 581 1242 ότι
595 1178 770 1253 πλείστους
783 1173 1082 1259 μεταπεμπόμενος
1094 1176 1149 1241 καί
1162 1175 1263 1256 τοξό-

223 1303 286 1356 τας
298 1281 353 1344 καί
364 1278 594 1366 σφενδονήτας.
618 1274 860 1365 ἀπαγγέλλουσι
874 1274 906 1344 δ’
918 1267 975 1344 οὖν
988 1277 1022 1344 οἱ
1036 1279 1156 1345 σκοποί
1170 1276 1262 1368 ἀμφὶ

222 1379 286 1461 τὰς
312 1380 426 1448 ἑκατὸν
451 1376 513 1469 ήδη
539 1381 704 1469 μυριάδας
724 1386 783 1448 τού
804 1385 949 1466 μαχίμου
973 1384 1183 1464 συνειλέχθαι
1203 1383 1262 1450 καί

223 1485 350 1551 τούτων
376 1484 498 1559 εἴκοσιν
526 1483 765 1565 ἱπποτοξότας·
796 1489 905 1551 καίτοι
930 1478 1025 1551 οόπω
1053 1481 1071 1552 ὃ
1095 1482 1262 1571 Ἅρμένιος

224 1587 399 1673 πάρεστιν,
420 1584 549 1654 ούδὲοί
565 1584 650 1657 κατὰ
666 1585 723 1673 τήν
737 1591 892 1653 Κασπίαν
906 1587 1077 1654 θάλατταν
1096 1586 1262 1667 οἰκοῦντες

224 1686 306 1756 οὐδὲ
327 1689 361 1756 οἱ
383 1685 451 1755 ἀπὸ
474 1688 646 1777 Βάκτρων,
674 1686 743 1755 ἀλλ’
760 1687 794 1755 ἐκ
816 1694 882 1756 τῶν
903 1691 1044 1776 πλησίον
1069 1692 1126 1756 καὶ
1151 1706 1261 1779 προαε

227 1796 344 1858 στείων
360 1797 419 1878 τής
438 1787 551 1879 ἀρχῆς·
571 1786 657 1857 ούτιο
677 1791 801 1880 ῥηιδίως
817 1778 982 1871 τοσαύτας
999 1791 1164 1881 μυριάδας
1181 1818 1262 1861 κατὰ

226 1895 324 1974 ἔλεξε.
360 1892 474 1981 καιρὸς
493 1884 550 1961 οὖν
566 1888 629 1981 ήδη
648 1906 783 1960 σκοπεῖν
800 1891 887 1976 ἡμᾶς
904 1890 925 1962 δ’
940 1920 975 1961 τι
989 1892 1050 1982 χρὴ
1068 1908 1188 1962 ποιεῖν.
1255 1930 1259 1935 ·

174 2014 208 2064 35
278 2008 405 2064 AAEIM.
437 1993 595 2084 Ἀλλ’,ἐχῶ
614 2001 673 2080 μέν
696 2008 782 2085 φημι
801 1998 868 2064 δεῖν
890 1994 976 2081 ύμᾶς
997 1994 1035 2063 νδ
1060 1996 1159 2080 πεζὸν
1178 1996 1260 2066 άπι-

223 2102 299 2165 ’ίναι
320 2096 378 2184 τήν
401 2097 459 2165 ἐπὶ
481 2105 730 2188 Κτησιφῶντος,
759 2096 847 2187 ἡμᾶς
870 2099 905 2166 δὲ
926 2098 966 2167 τὸ
995 2098 1133 2168 ἱππικὸν
1156 2097 1260 2169 ούτοῦ

224 2204 333 2287 μένειν
349 2202 406 2290 τὴν
424 2207 606 2290 Βαβυλῶνα
624 2204 896 2292 διαφυλάξοντας.

277 2321 365 2375 EAM.
395 2303 604 2396 Ἀποδειλιᾷς
619 2309 675 2374 καί
693 2305 747 2388 σὺ,
772 2297 1011 2391 ῶᾌδείμαπε,
1035 2308 1176 2396 πλησίον
1197 2308 1260 2374 τοΰ

224 2408 374 2476 κινδύνου
391 2410 563 2495 γενόμενος
569 2439 580 2492 ,·
599 2412 654 2477 σοὶ
672 2411 708 2476 δὲ
724 2415 759 2477 τί
776 2410 873 2491 δοκεῖ,
894 2401 921 2476 ὦ
943 2410 1102 2499 Τιμόλαε,·

277 2525 355 2580 ΤΙΜ.
383 2508 509 2601 Ῑίπάση
527 2518 568 2601 τῇ
586 2519 725 2601 στρατιᾷ
742 2513 888 2597 βαδίζειν
907 2512 962 2580 ἐπὶ
976 2510 1054 2593 τοὺς
1067 2515 1257 2597 πολεμίους,

224 2614 309 2700 μηδὲ
326 2621 512 2700 περιμένειν
535 2612 599 2683 ἔστ’
616 2613 656 2683 ἂν
679 2612 811 2699 άμεινον
833 2618 1152 2706 παρασκευάσωνται
1173 2638 1261 2682 παν-

224 2714 368 2799 ταχόθεν
385 2723 451 2784 τῶν
469 2718 648 2802 συμμάχων
661 2723 938 2806 προσγενομένων,
960 2715 1027 2786 ἀλλ’
1040 2718 1102 2800 ἕως
1115 2716 1165 2787 ’ἔτι
1177 2711 1259 2785 καθ’

226 2815 304 2888 όδόν
322 2820 406 2886 εἶσιν
424 2820 458 2886 οἱ
475 2823 640 2905 πολέμιοι,
662 2821 877 2911 ἐπιχειρῶμεν
896 2819 1017 2902 αὐτοῖς.
1163 2898 1170 2910 ,

276 2938 364 2993 EAM.
399 2914 449 2990 Εὖ
468 2926 581 3011 λέγεις.
618 2922 657 2992 σὺ
678 2926 713 2992 δὲ
729 2930 772 3006 τί,
794 2915 820 2990 ὦ
839 2934 967 3006 Λυκῖνε,
987 2923 1192 3009 δοκιμάζεις,

276 3040 361 3095 ΛΥΚ.
393 3022 474 3113 Ἔγῶ
498 3051 552 3095 σοι
575 3028 710 3117 φράσω·
735 3026 849 3116 ἐπειδὴ
872 3027 1072 3115 κεκμήκαμεν
1093 3027 1261 3109 συντόνως

225 3123 408 3212 ὁδεύοντες,
433 3127 538 3198 ὁπότε
559 3131 730 3220 κατῄειμεν
754 3130 860 3198 ἕωθεν
883 3128 916 3209 ἐς
937 3129 995 3197 τὸν
1016 3136 1174 3219 Πειραιᾶ,
1202 3133 1260 3199 καὶ

223 3236 280 3299 νῦν
301 3229 363 3322 ήδη
385 3233 561 3322 τριάκοντά
584 3259 650 3301 που
674 3235 829 3314 σταδίους
850 3234 1143 3324 προκεχωρήκαμεν
1165 3234 1220 3300 καὶ
1238 3226 1258 3301 δ

109 3418 113 3426 .
222 3327 317 3420 ήλιος
334 3334 497 3417 πολὺς-
515 3335 599 3405 κατὰ
615 3344 821 3429 μεσημβρίαν
833 3336 895 3426 χδρ
908 3333 969 3426 ήδη
983 3338 1130 3421 μάλιστα
1147 3374 1189 3385 -
1208 3333 1261 3403 ἒν-

224 3437 339 3503 ταόθά
352 3463 418 3505 που
433 3436 501 3508 όπδ
514 3439 573 3520 τὰς
588 3439 686 3521 ἐλάας
700 3440 758 3508 ἐπί
771 3448 829 3529 τῆς
843 3438 1124 3529 ἀνατετραμμένης
1138 3439 1261 3528 στήλης

223 3544 429 3622 καθίσαντας
442 3539 717 3626 ἀναπαύσασθαι,
734 3540 805 3611 είτα
819 3539 924 3623 ούτιος
937 3540 1141 3623 διαστάντας
1150 3539 1260 3610 ἀνύειν

222 3640 264 3710 τὸ
282 3643 401 3714 λοιπὸν
417 3645 453 3726 ἐς
470 3645 508 3714 τὸ
529 3644 621 3714 άστυ.

276 3760 363 3818 xm
399 3745 469 3816 Ἔτι
493 3747 556 3837 γὰρ
579 3747 763 3839 Ἀθήνησιν,
793 3741 821 3818 ὦ
846 3749 999 3839 μακάριε,
1028 3745 1113 3817 εἶναι
1140 3747 1256 3829 δοκεῖς,

123 3840 127 3847 ’
223 3847 263 3929 δς
280 3847 368 3939 άμφὶ
385 3855 568 3936 Βαβυλῶνα
590 3852 624 3922 δν
640 3860 688 3941 τῷ
707 3854 814 3941 πεδίῳ
832 3852 903 3942 ,πρὸ
926 3859 992 3920 τῶν
1013 3858 1131 3936 τειχῶν
1150 3850 1182 3918 δν
1199 3875 1259 3918 το-

223 3953 359 4032 σούτοις
377 3956 596 4045 στρατιώταις
611 3958 763 4047 κάθησαι
780 3959 859 4049 περὶ
876 3962 937 4026 τού
952 3959 1102 4045 πολέμου
1122 3954 1259 4025 διασκὸ·

221 4079 406 4142 πουμενοςς
