2792 4580
252 234 355 313 226
647 234 904 303 ιοτΚΙε-αοε

258 349 317 423 έπὶ
337 357 386 440 τῷ
407 348 566 443 Κάφρήτη
590 348 762 437 έπώννμσν
784 349 909 419 ἑωυτοῦ
932 348 1128 440 ἐποιήσατο,
1152 348 1238 419 ἔνθα
1261 350 1300 431 αἱ

253 452 349 522 καὶτ
331 483 350 543 η
369 454 502 544 τελεντὴ
522 455 656 542 ἐγένετο.
692 445 759 521 ὦδε
776 450 871 539 μέν
853 480 872 521 ο
892 451 1003 542 ἰητρὸς
1025 452 1134 540 έρωτα
1153 452 1238 542 ἔγνω
1256 479 1297 524 τε

252 560 315 625 καὶ
333 557 462 646 ἰήσατο

205 679 240 734 ιε
302 655 380 733 ‘me
399 652 490 789 δήθ’
463 687 508 730 ων
529 657 549 748 ή
567 664 729 750 Στρατσνί
727 685 766 748 κη
715 658 840 729 ίέτι
860 687 908 748 τῳ
893 663 1078 749 προτέρῳ
1101 654 1199 749 ἀνδρὶ
1215 684 1297 728 σνν-

258 760 453 835 οικέοοσα”
432 788 512 850 οναρ
533 763 663 831 τοιάνδε
686 762 865 850 ἐθεήσατο,
890 757 937 842 ιάς
952 787 1010 846 μιν
1031 757 1147 851 ήἫρη
1167 760 1296 831 ἐκέλευε

155 862 157 867 ’
259 865 385 956 δγεῖραί
402 867 435 935 οἱ
450 864 509 935 τὸν
527 865 560 934 έν
577 871 617 954 τῇ
633 866 685 954 ἱρῇ
698 866 781 933 πόλι
793 861 883 954 νηὸν,
898 864 929 932 εἱ
941 866 979 932 δὶ
991 861 1162 946 ἀπειθέοι,
1181 864 1295 933 πολλά

153 1000 155 1009 ’
260 969 366 1038 οἱκαὶ
383 967 467 1037 κακδι
484 966 626 1058 ήπείλεε.
662 965 737 1055 ήδὲ
754 966 796 1034 τὰ
812 968 871 1052 μέν
888 974 1008 1057 πρῶτα
1031 963 1186 1052 οὐδεμίαν
1203 963 1295 1057 ἀρην

261 1071 423 1154 ἐποιέετο,
442 1070 527 1156 μετδι
546 1072 582 1138 δέ
601 1066 647 1150 ὥς
663 1097 719 1156 μιν
731 1071 855 1158 μεγάλη
869 1076 987 1150 νοῦσος
1001 1069 1107 1158 ἐ’λαβε,
1125 1075 1173 1158 τῷ
1185 1094 1222 1137 τε
1234 1066 1302 1139 ἀν-

254 1175 314 1263 δρὶ
330 1173 389 1262 τήν
407 1171 489 1260 ὄψιν
507 1170 703 1262 ἀπηγήσατο
721 1175 777 1240 καλ
794 1199 852 1261 την
862 1168 961 1262 Ἥρην
975 1172 1127 1241 ἱλάσκετο
1140 1175 1196 1239 καὶ
1213 1172 1300 1262 στή-

258 1277 403 1347 σειντδν
420 1276 496 1364 νηὸν
513 1274 707 1358 ἀπεδέξατο.
742 1277 798 1341 καὶ
822 1271 939 1343 αάτίκα
960 1272 1055 1370 ἀγιέα
1076 1280 1248 1364 γενομένην
1273 1272 1294 1343 δ

260 1377 339 1470 ἀνήρ
359 1378 392 1460 ές
409 1378 467 1467 τὴν
491 1378 563 1470 ἱρὴν
584 1380 684 1447 πόλιν
707 1377 850 1462 έπεμπε,
875 1377 934 1446 σὺν
957 1380 994 1446 δέ
1011 1377 1045 1446 οἱ
1065 1381 1122 1446 καὶ
1140 1377 1297 1466 χρήματα

258 1485 315 1550 καὶ
333 1481 488 1572 στρατιὴν
505 1480 639 1572 πολλὴν,
663 1479 741 1561 τοὺς
761 1482 821 1565 μὲν
845 1481 1055 1566 οἰκοδομέειν,
1077 1479 1156 1561 τοὺς
1178 1482 1215 1548 δὲ
1228 1483 1298 1549 ,καὶ

257 1591 316 1653 τοῦ
336 1583 505 1674 ἀσφαλέος
518 1585 646 1655 εἵνεκεν.
667 1587 808 1664 καλέσας
821 1584 860 1652 δέ
871 1609 944 1651 τινα
956 1590 1022 1652 τῶν
1035 1581 1160 1652 ἑωυτοῦ
1174 1586 1294 1673 φίλων,

258 1692 383 1774 νεηνίην
401 1688 505 1776 κάρτα
521 1684 629 1768 καλὸν,
649 1693 696 1774 τῷ
711 1683 835 1770 οὕνομα
848 1677 886 1774 ήν
899 1687 1086 1772 Κομβάβος,
1103 1683 1191 1774 “ἒγώ
1205 1682 1293 1769 τοι,”

215 1834 218 1845 ·
259 1788 339 1878 ἐ’φη,
359 1779 413 1856 “αἰ
430 1789 602 1876 Κομβάβε,
627 1787 752 1857 ἐσθλὸν
775 1786 872 1857 έάντα
890 1791 995 1879 φιλέω
1017 1815 1053 1857 τε
1070 1790 1216 1875 μάλιστα
1232 1794 1301 1879 φί-

257 1894 325 1959 λων
348 1890 435 1976 ἐμῶν
456 1894 512 1958 καὶ
535 1891 679 1977 πάμπαν
707 1891 850 1960 ἐπαινέω
879 1896 1000 1982 σοφίης
1025 1917 1062 1960 τε
1086 1896 1142 1960 καὶ
1164 1888 1298 1982 εάνοίης

258 2001 317 2083 τῆς
335 1993 368 2075 ές
385 1990 502 2082 ήμέας,
525 1992 583 2083 τήν
601 1992 641 2084 δη
661 1994 835 2075 ἐπεδέξαο·
857 2001 913 2063 νῦν
935 1995 973 2061 δέ
991 2012 1052 2079 ’μοι
1071 1991 1172 2083 χρειὼ
1189 1995 1302 2082 μεγά-
1386 2074 1387 2079 ¹

258 2100 317 2184 λης
330 2101 473 2179 πίστιος,
492 2103 541 2185 τῷ
555 2120 593 2165 σε
605 2096 714 2165 ἐθέλω
728 2100 856 2185 γυναικί
874 2096 935 2186 ἐμή
949 2096 1132 2183 ἑσπόμενον
1144 2096 1237 2184 ἔργον
1254 2102 1298 2166 τέ
1386 2102 1387 2127 ¹

258 2226 318 2285 μοι
337 2199 525 2269 ἐπιτελέσαι
541 2203 597 2267 καὶ
616 2200 671 2292 ἱρδι
687 2203 818 2269 τελέσαι
834 2202 890 2268 καὶ
905 2207 1058 2288 στρατιῆς
1072 2198 1294 2289 ἐπικρατέειν·

259 2303 370 2372 σολδ
389 2301 577 2391 ἀπικομένῳ
598 2301 758 2391 έξήμέων
763 2330 852 2473 λτιμη
838 2301 994 2392 μεγάλη
1015 2300 1177 2371 &saumas
1205 2299 1297 2392 πρὸς

259 2402 380 2473 τάδε(
363 2432 382 2473 ο
404 2407 587 2494 Κομβάβος
606 2402 782 2475 αάτίκαέλ
783 2410 894 2474 ίσσετο
920 2403 1031 2474 πόλλά
1052 2408 1219 2493 λιπαρέων
1244 2431 1292 2494 μη

258 2526 315 2592 μιν
333 2506 513 2593 ἐκπέμπειν
530 2509 614 2595 μηδὲ
635 2508 804 2576 πιστεύειν
827 2506 917 2576 οἱ
880 2535 924 2577 τα
944 2505 1107 2576 πολλδνὶ
1108 2534 1213 2577 ωντοο
1199 2513 1296 2592 ’μέ·

259 2610 337 2735 ζογα
351 2612 504 2699 χρήματα
520 2613 576 2678 καλ
592 2623 729 2698 γυναῖκα
740 2609 833 2678 καὶ”
814 2635 907 2699 εργον
926 2607 1071 2699 ἱράν·τά
1090 2611 1126 2678 δέ
1143 2608 1295 2700 ἀρρώδεε

258 2740 303 2801 η
258 2713 397 2798 κοτέ
414 2714 448 2781 οἱ
465 2714 643 2801 ζηλοτυπίη
665 2713 770 2803 χρόνῳ
793 2709 920 2802 δστέρφ
943 2712 977 2792 ές
959 2711 1057 2801 ςτήν
1073 2718 1296 2802 Στρατονίκην
1384 2718 1385 2791 ἱ

207 2836 242 2887 20
259 2822 396 2904 γένοιτο,
415 2813 473 2903 τήν
490 2822 611 2901 μοῦνος
629 2813 770 2898 ἀπάξειν
788 2812 964 2901 ἐ’μελλε.“
938 2841 985 2896 ως
1002 2816 1039 2883 δὲ
1056 2812 1278 2901 οάδαμδιί
1196 2815 1278 2887 ’ἐπεί
1275 2858 1298 2873 -
1384 2814 1385 2855 ἱ

257 2925 357 3000 θετο,
381 2915 400 2985 ὁ
424 2919 461 2985 δέ
484 2917 605 3007 ἱκεσίης
627 2920 778 3009 δευτέρης
801 2915 957 3001 άπτεται,
983 2919 1101 2987 δοῦναί
1121 2918 1155 2986 οἱ
1173 2919 1296 3005 χρόνον

206 3082 209 3087 ,
258 3019 344 3097 ἑπτὰ
361 3016 516 3109 ἡμερέων,
534 3018 618 3106 μετὰ
637 3021 673 3088 δέ
691 3018 895 3090 ἀποστεῖλαί
907 3047 964 3107 μιν
980 3022 1157 3089 τελέσαντά
1172 3047 1208 3090 τι
1223 3028 1295 3091 τῶν

256 3122 403 3208 μάλιστα
426 3123 544 3193 έδέετο.
579 3120 684 3207 τυχὼν
707 3124 743 3191 δέ
765 3124 901 3214 ῥηιδίως
924 3123 957 3204 ές
978 3122 1035 3192 τὸν
1058 3115 1182 3193 ἱωντσῦ
1201 3121 1294 3195 οἶκον

257 3222 449 3295 ἀπικνέεται
468 3229 525 3294 καὶ
546 3224 659 3294 πεσὼν
678 3227 805 3312 χαμᾶζε
826 3227 941 3295 τοιάδε
963 3223 1123 3318 ἀδάρετο·
1146 3223 1201 3295 “ἀ
1222 3229 1296 3311 δεί-
1382 3280 1383 3283 ,

257 3332 364 3411 λαιος,
387 3334 423 3396 τί
441 3354 502 3415 μοι
523 3329 645 3417 ταύτης
666 3336 724 3417 τῆς
745 3333 897 3414 πίστιος,·
922 3335 958 3398 τί
978 3330 1016 3396 δέ
1036 3355 1096 3416 μοι
1113 3327 1208 3414 ὁδοῦ,
1230 3337 1294 3421 τῆς

256 3434 350 3511 τέλος
366 3427 428 3520 ήδη
448 3432 621 3521 δέρκομαι,·
642 3436 714 3512 νέος
731 3432 790 3517 μέν
808 3430 871 3519 έγιδ
888 3435 945 3501 καὶ
961 3434 1089 3521 γοναικὶ
1105 3436 1188 3524 καλῇ
1206 3432 1296 3521 ἀψο-
1381 3498 1382 3501 ,

255 3559 328 3619 μαι.
364 3532 402 3601 τὸ
426 3533 464 3601 δέ
483 3560 543 3620 μοι
563 3535 688 3623 μεγάλη
712 3533 866 3625 συμφορή
889 3535 1036 3620 έσσεται,
1065 3535 1095 3605 εἱ
1120 3535 1165 3625 μὴ
1188 3536 1294 3625 ἔγωγε

256 3641 369 3705 πᾶσαν
387 3636 494 3727 αἰτίην
510 3643 610 3706 κακοῦ
629 3634 864 3726 ἀποθήσομαι.
890 3644 938 3727 τῷ
950 3664 993 3725 με
1003 3644 1083 3728 χρῆν
1095 3643 1180 3726 μέγα
1194 3638 1293 3726 ἔργον

256 3735 471 3824 ἀποτελέσαι,
493 3740 533 3810 τό
550 3765 610 3826 μοι
626 3740 738 3810 πάντα
756 3741 863 3832 φόβον
885 3739 1042 3831 ἱήσεται.”
1079 3741 1161 3810 τάδε
1182 3739 1292 3810 εἰπὼν

257 3838 374 3911 ἀτελέα
395 3841 518 3912 ἱωντδν
540 3842 664 3927 ἐποίεε,
687 3847 744 3913 καί
764 3842 878 3931 ταμὼν
899 3843 943 3914 τά
964 3844 1079 3913 αἰδοῖα
1101 3843 1136 3925 ἐς
1152 3841 1292 3933 ἀγγήιον

256 3944 374 4034 μικρὸν
395 3952 556 4017 κατέθετο
580 3947 703 4037 σμύρνῃ
725 3972 762 4016 τε
784 3943 854 4034 ἅμα
875 3949 931 4016 καί
952 3951 1061 4033 μέλιτι
1081 3949 1137 4014 καλ
1155 3943 1291 4016 ἀλλοισι

256 4045 417 4132 θεάμασι
438 4051 495 4116 καί
515 4048 643 4119 ἔπειτεν
665 4052 822 4141 σφρηγῖδι
842 4048 901 4140 τήν
923 4050 1041 4142 έφόρεε
1063 4050 1291 4140 σημηνάμενος
