<?xml version="1.0" encoding="UTF-8"?>
<!DOCTYPE html PUBLIC "-//W3C//DTD XHTML 1.0 Transitional//EN"
    "http://www.w3.org/TR/xhtml1/DTD/xhtml1-transitional.dtd">
<html xmlns="http://www.w3.org/1999/xhtml" xml:lang="en" lang="en">
 <head>
  <title>
</title>
<meta http-equiv="Content-Type" content="text/html;charset=utf-8" />
  <meta name='ocr-system' content='tesseract 3.04.00' />
  <meta name='ocr-capabilities' content='ocr_page ocr_carea ocr_par ocr_line ocrx_word'/>
</head>
<body>
  <div class='ocr_page' id='page_1' title='image "./lucianisamosate00dindgoog_0212.png"; bbox 0 0 2792 4580; ppageno 0'>
   <div class='ocr_carea' id='block_1_1' title="bbox 113 229 1255 435">
    <p class='ocr_par' dir='ltr' id='par_1_1' title="bbox 113 229 1255 435">
     <span class='ocr_line' id='line_1_1' title="bbox 238 229 1150 297; baseline 0 -2"><span class='ocrx_word' id='word_1_1' title='bbox 238 245 247 264; x_wconf 86' lang='grc'><em>“</em></span> <span class='ocrx_word' id='word_1_2' title='bbox 357 241 451 297; x_wconf 89' lang='lat' dir='ltr'>LXX.</span> <span class='ocrx_word' id='word_1_3' title='bbox 478 240 774 297; x_wconf 76' lang='grc' dir='ltr'>ΚΡΟΝΟΣΟΛΩΝ</span> <span class='ocrx_word' id='word_1_4' title='bbox 795 242 914 297; x_wconf 83' lang='grc'><strong><em>14-18.</em></strong></span> <span class='ocrx_word' id='word_1_5' title='bbox 1087 229 1150 296; x_wconf 75' lang='grc'><strong><em>193</em></strong></span> 
     </span>
     <span class='ocr_line' id='line_1_2' title="bbox 113 316 1255 435; baseline 0.002 -22"><span class='ocrx_word' id='word_1_6' title='bbox 113 344 318 413; x_wconf 74' lang='grc' dir='ltr'><strong><em>διαλυόντων</em></strong></span> <span class='ocrx_word' id='word_1_7' title='bbox 336 328 373 411; x_wconf 83' lang='grc' dir='ltr'><strong><em>δέ</em></strong></span> <span class='ocrx_word' id='word_1_8' title='bbox 388 324 424 411; x_wconf 40' lang='grc' dir='ltr'><strong><em>ὀἱ</em></strong></span> <span class='ocrx_word' id='word_1_9' title='bbox 441 346 599 413; x_wconf 78' lang='grc' dir='ltr'><strong><em>πλούσιοι</em></strong></span> <span class='ocrx_word' id='word_1_10' title='bbox 616 349 671 414; x_wconf 81' lang='grc' dir='ltr'><strong><em>καὶ</em></strong></span> <span class='ocrx_word' id='word_1_11' title='bbox 686 352 766 433; x_wconf 88' lang='grc' dir='ltr'><strong><em>χρέα</em></strong></span> <span class='ocrx_word' id='word_1_12' title='bbox 783 324 868 431; x_wconf 77' lang='grc' dir='ltr'><strong><em>ὖπέρ</em></strong></span> <span class='ocrx_word' id='word_1_13' title='bbox 882 351 948 414; x_wconf 80' lang='grc' dir='ltr'><strong><em>τῶν</em></strong></span> <span class='ocrx_word' id='word_1_14' title='bbox 961 348 1067 435; x_wconf 87' lang='grc' dir='ltr'><strong><em>φίλων</em></strong></span> <span class='ocrx_word' id='word_1_15' title='bbox 1083 355 1150 415; x_wconf 79' lang='grc' dir='ltr'><strong><em>τῶν</em></strong></span> <span class='ocrx_word' id='word_1_16' title='bbox 1248 316 1255 334; x_wconf 42' lang='grc'><strong>.</strong></span> 
     </span>
    </p>
   </div>
   <div class='ocr_carea' id='block_1_2' title="bbox 112 442 1341 538">
    <p class='ocr_par' dir='ltr' id='par_1_2' title="bbox 112 442 1341 538">
     <span class='ocr_line' id='line_1_3' title="bbox 112 442 1341 538; baseline 0.002 -22"><span class='ocrx_word' id='word_1_17' title='bbox 112 442 266 534; x_wconf 80' lang='grc' dir='ltr'><strong><em>πενήτων</em></strong></span> <span class='ocrx_word' id='word_1_18' title='bbox 283 450 338 513; x_wconf 81' lang='grc' dir='ltr'><strong><em>καὶ</em></strong></span> <span class='ocrx_word' id='word_1_19' title='bbox 356 446 394 514; x_wconf 86' lang='grc' dir='ltr'><strong><em>τὸ</em></strong></span> <span class='ocrx_word' id='word_1_20' title='bbox 415 446 560 530; x_wconf 92' lang='grc' dir='ltr'><strong><em>ἐνοίκιον,</em></strong></span> <span class='ocrx_word' id='word_1_21' title='bbox 582 450 700 528; x_wconf 78' lang='grc' dir='ltr'><strong><em>οἵτινες</em></strong></span> <span class='ocrx_word' id='word_1_22' title='bbox 718 446 757 516; x_wconf 78' lang='grc' dir='ltr'><strong><em>δν</em></strong></span> <span class='ocrx_word' id='word_1_23' title='bbox 775 452 942 516; x_wconf 83' lang='grc' dir='ltr'><strong><em>καὶτοῦτο</em></strong></span> <span class='ocrx_word' id='word_1_24' title='bbox 961 448 1150 538; x_wconf 77' lang='grc' dir='ltr'><strong><em>ὀφείλοντες</em></strong></span> <span class='ocrx_word' id='word_1_25' title='bbox 1253 516 1256 523; x_wconf 87' lang='grc'><strong><em>,</em></strong></span> <span class='ocrx_word' id='word_1_26' title='bbox 1337 478 1341 501; x_wconf 81' lang='grc'><strong><em>·</em></strong></span> 
     </span>
    </p>
   </div>
   <div class='ocr_carea' id='block_1_3' title="bbox 88 547 1251 2384">
    <p class='ocr_par' dir='ltr' id='par_1_3' title="bbox 88 547 1149 640">
     <span class='ocr_line' id='line_1_4' title="bbox 88 547 1149 640; baseline 0.001 -23"><span class='ocrx_word' id='word_1_27' title='bbox 88 621 93 625; x_wconf 61' lang='grc'><strong><em>,</em></strong></span> <span class='ocrx_word' id='word_1_28' title='bbox 111 552 313 634; x_wconf 82' lang='grc' dir='ltr'><strong><em>καταβαλεῖν</em></strong></span> <span class='ocrx_word' id='word_1_29' title='bbox 330 548 375 638; x_wconf 80' lang='grc' dir='ltr'><strong><em>μὴ</em></strong></span> <span class='ocrx_word' id='word_1_30' title='bbox 399 549 512 632; x_wconf 85' lang='grc' dir='ltr'><strong><em>ἐχωσι·</em></strong></span> <span class='ocrx_word' id='word_1_31' title='bbox 529 554 591 618; x_wconf 86' lang='grc' dir='ltr'><strong><em>,καὶ</em></strong></span> <span class='ocrx_word' id='word_1_32' title='bbox 610 547 694 632; x_wconf 81' lang='grc' dir='ltr'><strong><em>ὅλως</em></strong></span> <span class='ocrx_word' id='word_1_33' title='bbox 706 550 783 640; x_wconf 83' lang='grc' dir='ltr'><strong><em>’πρὸ</em></strong></span> <span class='ocrx_word' id='word_1_34' title='bbox 802 554 927 619; x_wconf 85' lang='grc' dir='ltr'><strong><em>πολλοῦ</em></strong></span> <span class='ocrx_word' id='word_1_35' title='bbox 944 555 1069 636; x_wconf 84' lang='grc' dir='ltr'><strong><em>μελέτω</em></strong></span> <span class='ocrx_word' id='word_1_36' title='bbox 1090 551 1149 618; x_wconf 86' lang='grc' dir='ltr'><strong><em>αδ-</em></strong></span> 
     </span>
    </p>

    <p class='ocr_par' dir='ltr' id='par_1_4' title="bbox 113 648 1200 846">
     <span class='ocr_line' id='line_1_5' title="bbox 113 648 1200 737; baseline 0.006 -17"><span class='ocrx_word' id='word_1_37' title='bbox 113 665 186 731; x_wconf 84' lang='grc' dir='ltr'><strong><em>τοῑς</em></strong></span> <span class='ocrx_word' id='word_1_38' title='bbox 205 651 326 718; x_wconf 73' lang='grc' dir='ltr'><strong><em>εἰδέναι</em></strong></span> <span class='ocrx_word' id='word_1_39' title='bbox 343 648 424 719; x_wconf 66' lang='grc' dir='ltr'><strong><em>’ότου</em></strong></span> <span class='ocrx_word' id='word_1_40' title='bbox 442 654 589 737; x_wconf 88' lang='grc' dir='ltr'><strong><em>μάλιστα</em></strong></span> <span class='ocrx_word' id='word_1_41' title='bbox 610 655 749 721; x_wconf 87' lang='grc' dir='ltr'><strong><em>δέονται.</em></strong></span> <span class='ocrx_word' id='word_1_42' title='bbox 783 651 921 722; x_wconf 87' lang='grc' dir='ltr'><strong><em>άπέστω</em></strong></span> <span class='ocrx_word' id='word_1_43' title='bbox 946 657 982 721; x_wconf 84' lang='grc' dir='ltr'><strong><em>δέ</em></strong></span> <span class='ocrx_word' id='word_1_44' title='bbox 1005 658 1060 721; x_wconf 85' lang='grc' dir='ltr'><strong><em>καὶ</em></strong></span> <span class='ocrx_word' id='word_1_45' title='bbox 1081 658 1146 722; x_wconf 77' lang='grc' dir='ltr'><strong><em>τῶν</em></strong></span> <span class='ocrx_word' id='word_1_46' title='bbox 1166 677 1200 726; x_wconf 80' lang='lat'><strong><em>16</em></strong></span> 
     </span>
     <span class='ocr_line' id='line_1_6' title="bbox 113 749 1145 846; baseline 0.002 -24"><span class='ocrx_word' id='word_1_47' title='bbox 113 755 348 839; x_wconf 70' lang='grc' dir='ltr'><strong><em>λαμβανόντων</em></strong></span> <span class='ocrx_word' id='word_1_48' title='bbox 365 761 601 844; x_wconf 79' lang='grc' dir='ltr'><strong><em>μεμψιμοιρία,</em></strong></span> <span class='ocrx_word' id='word_1_49' title='bbox 621 756 731 824; x_wconf 80' lang='grc' dir='ltr'><strong><em>καὶτὸ</em></strong></span> <span class='ocrx_word' id='word_1_50' title='bbox 751 760 909 846; x_wconf 76' lang='grc' dir='ltr'><strong><em>πεμφθὲν</em></strong></span> <span class='ocrx_word' id='word_1_51' title='bbox 929 756 1047 825; x_wconf 84' lang='grc' dir='ltr'><strong><em>ὁποῖον</em></strong></span> <span class='ocrx_word' id='word_1_52' title='bbox 1062 754 1101 824; x_wconf 77' lang='grc' dir='ltr'><strong><em>ἐν</em></strong></span> <span class='ocrx_word' id='word_1_53' title='bbox 1114 749 1145 846; x_wconf 79' lang='grc' dir='ltr'><strong><em>ᾗ,</em></strong></span> 
     </span>
    </p>

    <p class='ocr_par' dir='ltr' id='par_1_5' title="bbox 112 855 1148 948">
     <span class='ocr_line' id='line_1_7' title="bbox 112 855 1148 948; baseline 0.003 -24"><span class='ocrx_word' id='word_1_54' title='bbox 112 863 199 945; x_wconf 75' lang='grc' dir='ltr'><strong><em>μέγα</em></strong></span> <span class='ocrx_word' id='word_1_55' title='bbox 218 859 363 924; x_wconf 79' lang='grc' dir='ltr'><strong><em>δοκείτω.</em></strong></span> <span class='ocrx_word' id='word_1_56' title='bbox 401 858 490 924; x_wconf 86' lang='grc' dir='ltr'><strong><em>οίνου</em></strong></span> <span class='ocrx_word' id='word_1_57' title='bbox 511 855 680 948; x_wconf 78' lang='grc' dir='ltr'><strong><em>ἀμφορεὺς</em></strong></span> <span class='ocrx_word' id='word_1_58' title='bbox 701 857 722 947; x_wconf 79' lang='grc' dir='ltr'><em>ἢ</em></span> <span class='ocrx_word' id='word_1_59' title='bbox 740 859 848 948; x_wconf 79' lang='grc' dir='ltr'><strong><em>λαγώς</em></strong></span> <span class='ocrx_word' id='word_1_60' title='bbox 869 858 891 943; x_wconf 80' lang='grc' dir='ltr'>ἢ</span> <span class='ocrx_word' id='word_1_61' title='bbox 914 857 1002 947; x_wconf 80' lang='grc' dir='ltr'><strong><em>ὅρνις</em></strong></span> <span class='ocrx_word' id='word_1_62' title='bbox 1024 874 1148 943; x_wconf 77' lang='grc' dir='ltr'><strong><em>παχεῖα</em></strong></span> 
     </span>
    </p>

    <p class='ocr_par' dir='ltr' id='par_1_6' title="bbox 112 959 1251 2384">
     <span class='ocr_line' id='line_1_8' title="bbox 113 959 1231 1052; baseline 0 -22"><span class='ocrx_word' id='word_1_63' title='bbox 113 966 263 1048; x_wconf 83' lang='grc' dir='ltr'><strong><em>Κρονίων</em></strong></span> <span class='ocrx_word' id='word_1_64' title='bbox 286 961 392 1046; x_wconf 78' lang='grc' dir='ltr'><strong><em>δωρον</em></strong></span> <span class='ocrx_word' id='word_1_65' title='bbox 413 959 458 1048; x_wconf 81' lang='grc' dir='ltr'><strong><em>μὴ</em></strong></span> <span class='ocrx_word' id='word_1_66' title='bbox 481 962 631 1043; x_wconf 77' lang='grc' dir='ltr'><strong><em>δοκείτω,</em></strong></span> <span class='ocrx_word' id='word_1_67' title='bbox 655 964 738 1050; x_wconf 79' lang='grc' dir='ltr'><strong><em>μηδὲ</em></strong></span> <span class='ocrx_word' id='word_1_68' title='bbox 760 963 820 1042; x_wconf 84' lang='grc' dir='ltr'><strong><em>τὰς</em></strong></span> <span class='ocrx_word' id='word_1_69' title='bbox 838 962 998 1052; x_wconf 83' lang='grc' dir='ltr'><strong><em>Κρονικάς</em></strong></span> <span class='ocrx_word' id='word_1_70' title='bbox 1021 962 1147 1052; x_wconf 88' lang='grc' dir='ltr'><strong><em>δωρεὰς</em></strong></span> <span class='ocrx_word' id='word_1_71' title='bbox 1227 1022 1231 1036; x_wconf 90' lang='grc'><strong><em>,</em></strong></span> 
     </span>
     <span class='ocr_line' id='line_1_9' title="bbox 114 1061 1148 1154; baseline 0.002 -24"><span class='ocrx_word' id='word_1_72' title='bbox 114 1063 149 1143; x_wconf 79' lang='grc' dir='ltr'><strong><em>ἐς</em></strong></span> <span class='ocrx_word' id='word_1_73' title='bbox 165 1065 294 1150; x_wconf 76' lang='grc' dir='ltr'><strong><em>γέλωτα</em></strong></span> <span class='ocrx_word' id='word_1_74' title='bbox 312 1069 510 1152; x_wconf 73' lang='grc' dir='ltr'><strong><em>φερέτωσαν.</em></strong></span> <span class='ocrx_word' id='word_1_75' title='bbox 540 1061 772 1149; x_wconf 83' lang='grc' dir='ltr'><strong><em>άνιιπεμπέιω</em></strong></span> <span class='ocrx_word' id='word_1_76' title='bbox 788 1068 823 1133; x_wconf 82' lang='grc' dir='ltr'><strong><em>δὲ</em></strong></span> <span class='ocrx_word' id='word_1_77' title='bbox 837 1064 855 1133; x_wconf 88' lang='grc' dir='ltr'><strong><em>ό</em></strong></span> <span class='ocrx_word' id='word_1_78' title='bbox 869 1072 969 1154; x_wconf 87' lang='grc' dir='ltr'><strong><em>πένης</em></strong></span> <span class='ocrx_word' id='word_1_79' title='bbox 982 1073 1029 1154; x_wconf 74' lang='grc' dir='ltr'><strong><em>τῷ</em></strong></span> <span class='ocrx_word' id='word_1_80' title='bbox 1043 1070 1148 1134; x_wconf 90' lang='grc' dir='ltr'><strong><em>πλου-</em></strong></span> 
     </span>
     <span class='ocr_line' id='line_1_10' title="bbox 113 1162 1147 1253; baseline 0.001 -19"><span class='ocrx_word' id='word_1_81' title='bbox 113 1172 189 1252; x_wconf 79' lang='grc' dir='ltr'><strong><em>σίῳ,</em></strong></span> <span class='ocrx_word' id='word_1_82' title='bbox 212 1162 229 1232; x_wconf 85' lang='grc' dir='ltr'><strong><em>δ</em></strong></span> <span class='ocrx_word' id='word_1_83' title='bbox 243 1166 302 1249; x_wconf 78' lang='grc' dir='ltr'><strong><em>μέν</em></strong></span> <span class='ocrx_word' id='word_1_84' title='bbox 315 1168 579 1250; x_wconf 84' lang='grc' dir='ltr'><strong><em>πεπαιδευμένος</em></strong></span> <span class='ocrx_word' id='word_1_85' title='bbox 591 1172 719 1253; x_wconf 88' lang='grc' dir='ltr'><strong><em>βιβλίον</em></strong></span> <span class='ocrx_word' id='word_1_86' title='bbox 737 1176 802 1238; x_wconf 81' lang='grc' dir='ltr'><strong><em>τῶν</em></strong></span> <span class='ocrx_word' id='word_1_87' title='bbox 820 1173 980 1249; x_wconf 81' lang='grc' dir='ltr'><strong><em>παλαιῶν,</em></strong></span> <span class='ocrx_word' id='word_1_88' title='bbox 1003 1170 1035 1235; x_wconf 85' lang='grc' dir='ltr'><strong><em>εί</em></strong></span> <span class='ocrx_word' id='word_1_89' title='bbox 1046 1194 1079 1235; x_wconf 91' lang='grc' dir='ltr'><strong><em>τι</em></strong></span> <span class='ocrx_word' id='word_1_90' title='bbox 1093 1166 1147 1235; x_wconf 79' lang='grc' dir='ltr'><strong><em>εό-</em></strong></span> 
     </span>
     <span class='ocr_line' id='line_1_11' title="bbox 113 1267 1147 1358; baseline 0.005 -26"><span class='ocrx_word' id='word_1_91' title='bbox 113 1293 227 1356; x_wconf 90' lang='grc' dir='ltr'><strong><em>φημον</em></strong></span> <span class='ocrx_word' id='word_1_92' title='bbox 248 1271 304 1334; x_wconf 85' lang='grc' dir='ltr'><strong><em>καί</em></strong></span> <span class='ocrx_word' id='word_1_93' title='bbox 326 1269 542 1353; x_wconf 88' lang='grc' dir='ltr'><strong><em>συμποτικὸν,</em></strong></span> <span class='ocrx_word' id='word_1_94' title='bbox 570 1267 593 1358; x_wconf 76' lang='grc' dir='ltr'><em>ἢ</em></span> <span class='ocrx_word' id='word_1_95' title='bbox 619 1269 720 1338; x_wconf 73' lang='grc' dir='ltr'><strong><em>αὑτοῦ</em></strong></span> <span class='ocrx_word' id='word_1_96' title='bbox 744 1271 938 1357; x_wconf 75' lang='grc' dir='ltr'><strong><em>σύγγραμμα</em></strong></span> <span class='ocrx_word' id='word_1_97' title='bbox 965 1269 1083 1338; x_wconf 82' lang='grc' dir='ltr'><strong><em>ὁποῖον</em></strong></span> <span class='ocrx_word' id='word_1_98' title='bbox 1107 1268 1147 1337; x_wconf 74' lang='grc' dir='ltr'><strong><em>ἂν</em></strong></span> 
     </span>
     <span class='ocr_line' id='line_1_12' title="bbox 112 1370 1147 1461; baseline 0.001 -24"><span class='ocrx_word' id='word_1_99' title='bbox 112 1372 265 1457; x_wconf 83' lang='grc' dir='ltr'><strong><em>δύνηται,</em></strong></span> <span class='ocrx_word' id='word_1_100' title='bbox 289 1374 459 1438; x_wconf 81' lang='grc' dir='ltr'><strong><em>καὶτοῦτο</em></strong></span> <span class='ocrx_word' id='word_1_101' title='bbox 478 1375 669 1456; x_wconf 73' lang='grc' dir='ltr'><strong><em>λαμβανέτω</em></strong></span> <span class='ocrx_word' id='word_1_102' title='bbox 689 1370 706 1439; x_wconf 87' lang='grc' dir='ltr'><strong><em>ό</em></strong></span> <span class='ocrx_word' id='word_1_103' title='bbox 726 1375 885 1452; x_wconf 86' lang='grc' dir='ltr'><strong><em>πλούσιος</em></strong></span> <span class='ocrx_word' id='word_1_104' title='bbox 907 1373 994 1440; x_wconf 87' lang='grc' dir='ltr'><strong><em>πάνυ</em></strong></span> <span class='ocrx_word' id='word_1_105' title='bbox 1014 1374 1147 1461; x_wconf 75' lang='grc' dir='ltr'><strong><em>φαιδρῷ</em></strong></span> 
     </span>
     <span class='ocr_line' id='line_1_13' title="bbox 113 1473 1147 1563; baseline 0.002 -24"><span class='ocrx_word' id='word_1_106' title='bbox 113 1480 161 1560; x_wconf 72' lang='grc' dir='ltr'><strong><em>τῷ</em></strong></span> <span class='ocrx_word' id='word_1_107' title='bbox 185 1473 375 1560; x_wconf 76' lang='grc' dir='ltr'><strong><em>προσώπῳ,</em></strong></span> <span class='ocrx_word' id='word_1_108' title='bbox 403 1473 590 1561; x_wconf 79' lang='grc' dir='ltr'><strong><em>κολλάβων</em></strong></span> <span class='ocrx_word' id='word_1_109' title='bbox 613 1473 877 1562; x_wconf 82' lang='grc' dir='ltr'><strong><em>άναχιχνωσκέτω</em></strong></span> <span class='ocrx_word' id='word_1_110' title='bbox 906 1473 1022 1553; x_wconf 84' lang='grc' dir='ltr'><strong><em>εέθός·</em></strong></span> <span class='ocrx_word' id='word_1_111' title='bbox 1049 1473 1087 1563; x_wconf 78' lang='grc' dir='ltr'><strong><em>ἢν</em></strong></span> <span class='ocrx_word' id='word_1_112' title='bbox 1110 1476 1147 1540; x_wconf 83' lang='grc' dir='ltr'><strong><em>δέ</em></strong></span> 
     </span>
     <span class='ocr_line' id='line_1_14' title="bbox 114 1573 1147 1666; baseline 0 -23"><span class='ocrx_word' id='word_1_113' title='bbox 114 1574 300 1663; x_wconf 80' lang='grc' dir='ltr'><strong><em>ἃπωθῆται</em></strong></span> <span class='ocrx_word' id='word_1_114' title='bbox 318 1573 339 1663; x_wconf 79' lang='grc' dir='ltr'><em>ἢ</em></span> <span class='ocrx_word' id='word_1_115' title='bbox 352 1575 537 1666; x_wconf 86' lang='grc' dir='ltr'><strong><em>άπορρίψῃ,</em></strong></span> <span class='ocrx_word' id='word_1_116' title='bbox 557 1579 639 1645; x_wconf 78' lang='grc' dir='ltr'><strong><em>ἵστω</em></strong></span> <span class='ocrx_word' id='word_1_117' title='bbox 654 1584 693 1666; x_wconf 82' lang='grc' dir='ltr'><strong><em>τῇ</em></strong></span> <span class='ocrx_word' id='word_1_118' title='bbox 708 1585 765 1666; x_wconf 78' lang='grc' dir='ltr'><strong><em>τῆς</em></strong></span> <span class='ocrx_word' id='word_1_119' title='bbox 779 1575 887 1665; x_wconf 82' lang='grc' dir='ltr'><strong><em>άρπης</em></strong></span> <span class='ocrx_word' id='word_1_120' title='bbox 902 1577 1021 1666; x_wconf 79' lang='grc' dir='ltr'><strong><em>ἀπειλῇ</em></strong></span> <span class='ocrx_word' id='word_1_121' title='bbox 1037 1578 1147 1660; x_wconf 86' lang='grc' dir='ltr'><strong><em>ἐνοχος</em></strong></span> 
     </span>
     <span class='ocr_line' id='line_1_15' title="bbox 112 1675 1143 1769; baseline 0.002 -25"><span class='ocrx_word' id='word_1_122' title='bbox 112 1675 170 1759; x_wconf 74' lang='grc' dir='ltr'><strong><em>ὢν,</em></strong></span> <span class='ocrx_word' id='word_1_123' title='bbox 191 1675 251 1744; x_wconf 84' lang='grc' dir='ltr'><strong><em>κέίν</em></strong></span> <span class='ocrx_word' id='word_1_124' title='bbox 268 1685 388 1766; x_wconf 85' lang='grc' dir='ltr'><strong><em>πέμψῃ</em></strong></span> <span class='ocrx_word' id='word_1_125' title='bbox 408 1675 471 1746; x_wconf 85' lang='grc' dir='ltr'><strong><em>όσα</em></strong></span> <span class='ocrx_word' id='word_1_126' title='bbox 490 1679 591 1768; x_wconf 82' lang='grc' dir='ltr'><strong><em>ἐχρῆν.</em></strong></span> <span class='ocrx_word' id='word_1_127' title='bbox 621 1681 653 1747; x_wconf 82' lang='grc' dir='ltr'><strong><em>οἱ</em></strong></span> <span class='ocrx_word' id='word_1_128' title='bbox 672 1682 706 1747; x_wconf 86' lang='grc' dir='ltr'><strong><em>δέ</em></strong></span> <span class='ocrx_word' id='word_1_129' title='bbox 726 1679 820 1748; x_wconf 72' lang='grc' dir='ltr'><strong><em>ἄλλοι</em></strong></span> <span class='ocrx_word' id='word_1_130' title='bbox 835 1682 936 1765; x_wconf 81' lang='grc' dir='ltr'><strong><em>οἱμὲν</em></strong></span> <span class='ocrx_word' id='word_1_131' title='bbox 951 1681 1143 1769; x_wconf 83' lang='grc' dir='ltr'><strong><em>στεφάνους,</em></strong></span> 
     </span>
     <span class='ocr_line' id='line_1_16' title="bbox 114 1780 1146 1872; baseline 0.003 -26"><span class='ocrx_word' id='word_1_132' title='bbox 114 1780 149 1847; x_wconf 81' lang='grc' dir='ltr'><strong><em>οἱ</em></strong></span> <span class='ocrx_word' id='word_1_133' title='bbox 162 1782 198 1847; x_wconf 86' lang='grc' dir='ltr'><strong><em>δέ</em></strong></span> <span class='ocrx_word' id='word_1_134' title='bbox 212 1783 395 1865; x_wconf 79' lang='grc' dir='ltr'><strong><em>λιβανωτοῦ</em></strong></span> <span class='ocrx_word' id='word_1_135' title='bbox 406 1783 563 1870; x_wconf 78' lang='grc' dir='ltr'><strong><em>χόνδρους</em></strong></span> <span class='ocrx_word' id='word_1_136' title='bbox 576 1784 785 1867; x_wconf 87' lang='grc' dir='ltr'><strong><em>πεμπόντων.</em></strong></span> <span class='ocrx_word' id='word_1_137' title='bbox 808 1781 846 1872; x_wconf 80' lang='grc' dir='ltr'><strong><em>ἢν</em></strong></span> <span class='ocrx_word' id='word_1_138' title='bbox 857 1786 893 1851; x_wconf 84' lang='grc' dir='ltr'><strong><em>δέ</em></strong></span> <span class='ocrx_word' id='word_1_139' title='bbox 907 1790 1007 1870; x_wconf 89' lang='grc' dir='ltr'><strong><em>πένης</em></strong></span> <span class='ocrx_word' id='word_1_140' title='bbox 1017 1783 1146 1870; x_wconf 81' lang='grc' dir='ltr'><strong><em>ἐσθῆτα</em></strong></span> 
     </span>
     <span class='ocr_line' id='line_1_17' title="bbox 114 1878 1251 1974; baseline 0.003 -26"><span class='ocrx_word' id='word_1_141' title='bbox 114 1879 294 1971; x_wconf 81' lang='grc' dir='ltr'><strong><em>ἢάρχυρον</em></strong></span> <span class='ocrx_word' id='word_1_142' title='bbox 311 1878 468 1971; x_wconf 75' lang='grc' dir='ltr'><strong><em>ἢχρυσὸν</em></strong></span> <span class='ocrx_word' id='word_1_143' title='bbox 491 1886 583 1973; x_wconf 85' lang='grc' dir='ltr'><strong><em>παρὰ</em></strong></span> <span class='ocrx_word' id='word_1_144' title='bbox 605 1885 662 1973; x_wconf 76' lang='grc' dir='ltr'><strong><em>τὴν</em></strong></span> <span class='ocrx_word' id='word_1_145' title='bbox 685 1888 820 1970; x_wconf 85' lang='grc' dir='ltr'><strong><em>δύναμιν</em></strong></span> <span class='ocrx_word' id='word_1_146' title='bbox 844 1893 962 1974; x_wconf 82' lang='grc' dir='ltr'><strong><em>πέμψῃ</em></strong></span> <span class='ocrx_word' id='word_1_147' title='bbox 982 1890 1142 1972; x_wconf 84' lang='grc' dir='ltr'><strong><em>πλουσίῳ,</em></strong></span> <span class='ocrx_word' id='word_1_148' title='bbox 1248 1894 1251 1901; x_wconf 93' lang='grc'><strong>’</strong></span> 
     </span>
     <span class='ocr_line' id='line_1_18' title="bbox 113 1983 1145 2077; baseline 0.001 -26"><span class='ocrx_word' id='word_1_149' title='bbox 113 1983 152 2051; x_wconf 85' lang='grc' dir='ltr'><strong><em>τὸ</em></strong></span> <span class='ocrx_word' id='word_1_150' title='bbox 171 1986 230 2069; x_wconf 76' lang='grc' dir='ltr'><strong><em>μὲν</em></strong></span> <span class='ocrx_word' id='word_1_151' title='bbox 247 1988 406 2077; x_wconf 75' lang='grc' dir='ltr'><strong><em>πεμφθὲν</em></strong></span> <span class='ocrx_word' id='word_1_152' title='bbox 425 1986 508 2054; x_wconf 85' lang='grc' dir='ltr'><strong><em>ἐστω</em></strong></span> <span class='ocrx_word' id='word_1_153' title='bbox 529 1989 687 2075; x_wconf 90' lang='grc' dir='ltr'><strong><em>δημόσιον</em></strong></span> <span class='ocrx_word' id='word_1_154' title='bbox 709 1992 765 2054; x_wconf 81' lang='grc' dir='ltr'><strong><em>καί</em></strong></span> <span class='ocrx_word' id='word_1_155' title='bbox 785 1990 1001 2075; x_wconf 83' lang='grc' dir='ltr'><strong><em>καταπραθέν</em></strong></span> <span class='ocrx_word' id='word_1_156' title='bbox 1024 1987 1145 2072; x_wconf 88' lang='grc' dir='ltr'><strong><em>ἐμβαλ-</em></strong></span> 
     </span>
     <span class='ocr_line' id='line_1_19' title="bbox 115 2086 1145 2176; baseline 0.002 -24"><span class='ocrx_word' id='word_1_157' title='bbox 115 2089 229 2154; x_wconf 85' lang='grc' dir='ltr'><strong><em>λέσθω</em></strong></span> <span class='ocrx_word' id='word_1_158' title='bbox 253 2086 286 2165; x_wconf 91' lang='grc' dir='ltr'><strong><em>ἐς</em></strong></span> <span class='ocrx_word' id='word_1_159' title='bbox 307 2087 363 2155; x_wconf 88' lang='grc' dir='ltr'><strong><em>τὸν</em></strong></span> <span class='ocrx_word' id='word_1_160' title='bbox 387 2089 559 2176; x_wconf 86' lang='grc' dir='ltr'><strong><em>θησαυρὸν</em></strong></span> <span class='ocrx_word' id='word_1_161' title='bbox 581 2097 639 2155; x_wconf 81' lang='grc' dir='ltr'><strong><em>τοῦ</em></strong></span> <span class='ocrx_word' id='word_1_162' title='bbox 657 2090 798 2175; x_wconf 85' lang='grc' dir='ltr'><strong><em>Κρόνου,</em></strong></span> <span class='ocrx_word' id='word_1_163' title='bbox 821 2087 842 2157; x_wconf 85' lang='grc' dir='ltr'><strong><em>,δ</em></strong></span> <span class='ocrx_word' id='word_1_164' title='bbox 862 2090 897 2154; x_wconf 81' lang='grc' dir='ltr'><strong><em>δέ</em></strong></span> <span class='ocrx_word' id='word_1_165' title='bbox 919 2095 1018 2176; x_wconf 83' lang='grc' dir='ltr'><strong><em>πένης</em></strong></span> <span class='ocrx_word' id='word_1_166' title='bbox 1037 2088 1070 2167; x_wconf 86' lang='grc' dir='ltr'><strong><em>ἐς</em></strong></span> <span class='ocrx_word' id='word_1_167' title='bbox 1087 2087 1145 2175; x_wconf 79' lang='grc' dir='ltr'><strong><em>τὴν</em></strong></span> 
     </span>
     <span class='ocr_line' id='line_1_20' title="bbox 116 2187 1149 2280; baseline -0.002 -24"><span class='ocrx_word' id='word_1_168' title='bbox 116 2187 290 2279; x_wconf 71' lang='grc' dir='ltr'><strong><em>ἐστεραίαν</em></strong></span> <span class='ocrx_word' id='word_1_169' title='bbox 304 2189 432 2278; x_wconf 75' lang='grc' dir='ltr'><strong><em>πληγὰς</em></strong></span> <span class='ocrx_word' id='word_1_170' title='bbox 445 2190 538 2280; x_wconf 83' lang='grc' dir='ltr'><strong><em>παρὰ</em></strong></span> <span class='ocrx_word' id='word_1_171' title='bbox 552 2199 610 2259; x_wconf 85' lang='grc' dir='ltr'><strong><em>τοῦ</em></strong></span> <span class='ocrx_word' id='word_1_172' title='bbox 625 2195 786 2258; x_wconf 91' lang='grc' dir='ltr'><strong><em>πλουσίου</em></strong></span> <span class='ocrx_word' id='word_1_173' title='bbox 802 2192 992 2274; x_wconf 80' lang='grc' dir='ltr'><strong><em>λαμβανέτω</em></strong></span> <span class='ocrx_word' id='word_1_174' title='bbox 1007 2196 1054 2276; x_wconf 76' lang='grc' dir='ltr'><strong><em>τῷ</em></strong></span> <span class='ocrx_word' id='word_1_175' title='bbox 1068 2190 1149 2274; x_wconf 77' lang='grc' dir='ltr'><strong><em>νάρ-</em></strong></span> 
     </span>
     <span class='ocr_line' id='line_1_21' title="bbox 114 2290 1146 2384; baseline -0.001 -25"><span class='ocrx_word' id='word_1_176' title='bbox 114 2299 196 2380; x_wconf 83' lang='grc' dir='ltr'><strong><em>θηκι</em></strong></span> <span class='ocrx_word' id='word_1_177' title='bbox 219 2291 252 2371; x_wconf 84' lang='grc' dir='ltr'><strong><em>ἐς</em></strong></span> <span class='ocrx_word' id='word_1_178' title='bbox 273 2292 333 2372; x_wconf 86' lang='grc' dir='ltr'><strong><em>τὰς</em></strong></span> <span class='ocrx_word' id='word_1_179' title='bbox 352 2306 465 2384; x_wconf 89' lang='grc' dir='ltr'><strong><em>χεῖρας</em></strong></span> <span class='ocrx_word' id='word_1_180' title='bbox 488 2290 547 2361; x_wconf 77' lang='grc' dir='ltr'><strong><em>οὐκ</em></strong></span> <span class='ocrx_word' id='word_1_181' title='bbox 569 2293 723 2373; x_wconf 73' lang='grc' dir='ltr'><strong><em>ἐλάττους</em></strong></span> <span class='ocrx_word' id='word_1_182' title='bbox 747 2295 1004 2360; x_wconf 84' lang='grc' dir='ltr'><strong><em>διακοσίων”καὶ</em></strong></span> <span class='ocrx_word' id='word_1_183' title='bbox 1025 2291 1146 2379; x_wconf 83' lang='grc' dir='ltr'><strong><em>πεντή-</em></strong></span> 
     </span>
    </p>
   </div>
   <div class='ocr_carea' id='block_1_4' title="bbox 71 2414 793 2551">
    <p class='ocr_par' dir='ltr' id='par_1_7' title="bbox 71 2414 793 2551">
     <span class='ocr_line' id='line_1_22' title="bbox 71 2414 222 2464; baseline 0 -1"><span class='ocrx_word' id='word_1_184' title='bbox 71 2432 74 2447; x_wconf 60' lang='lat'>2</span> <span class='ocrx_word' id='word_1_185' title='bbox 114 2414 222 2464; x_wconf 76' lang='grc' dir='ltr'><strong><em>κοντα.</em></strong></span> 
     </span>
     <span class='ocr_line' id='line_1_23' title="bbox 471 2508 793 2551; baseline 0.006 -2"><span class='ocrx_word' id='word_1_186' title='bbox 471 2509 573 2551; x_wconf 69' lang='lat' dir='ltr'><strong><em>mol</em></strong></span> <span class='ocrx_word' id='word_1_187' title='bbox 591 2508 793 2551; x_wconf 74' lang='grc' dir='ltr'><strong><em>εκοιποτικυῐ.</em></strong></span> 
     </span>
    </p>
   </div>
   <div class='ocr_carea' id='block_1_5' title="bbox 869 2602 878 2623">
    <p class='ocr_par' dir='ltr' id='par_1_8' title="bbox 869 2602 878 2623">
     <span class='ocr_line' id='line_1_24' title="bbox 869 2602 878 2623; baseline 0 0"><span class='ocrx_word' id='word_1_188' title='bbox 869 2602 878 2623; x_wconf 79' lang='grc' dir='ltr'><em>Ἰ</em></span> 
     </span>
    </p>
   </div>
   <div class='ocr_carea' id='block_1_6' title="bbox 87 2591 1195 3512">
    <p class='ocr_par' dir='ltr' id='par_1_9' title="bbox 87 2591 1195 3512">
     <span class='ocr_line' id='line_1_25' title="bbox 165 2591 1195 2690; baseline 0.002 -22"><span class='ocrx_word' id='word_1_189' title='bbox 165 2607 325 2668; x_wconf 85' lang='grc' dir='ltr'><strong><em>Λοῦσθαι</em></strong></span> <span class='ocrx_word' id='word_1_190' title='bbox 346 2602 404 2686; x_wconf 78' lang='grc' dir='ltr'><strong><em>μὲν</em></strong></span> <span class='ocrx_word' id='word_1_191' title='bbox 428 2598 554 2670; x_wconf 85' lang='grc' dir='ltr'><strong><em>ὁπόταν</em></strong></span> <span class='ocrx_word' id='word_1_192' title='bbox 576 2603 615 2669; x_wconf 86' lang='grc' dir='ltr'><strong><em>τό</em></strong></span> <span class='ocrx_word' id='word_1_193' title='bbox 639 2614 800 2684; x_wconf 81' lang='grc' dir='ltr'><strong><em>στοιχεῖον</em></strong></span> <span class='ocrx_word' id='word_1_194' title='bbox 824 2600 966 2682; x_wconf 81' lang='grc' dir='ltr'><strong><em>έξαπσυν</em></strong></span> <span class='ocrx_word' id='word_1_195' title='bbox 988 2591 1022 2690; x_wconf 75' lang='grc' dir='ltr'><strong><em>ᾗ,</em></strong></span> <span class='ocrx_word' id='word_1_196' title='bbox 1046 2599 1088 2666; x_wconf 86' lang='grc' dir='ltr'><strong><em>τὰ</em></strong></span> <span class='ocrx_word' id='word_1_197' title='bbox 1107 2600 1142 2668; x_wconf 81' lang='grc' dir='ltr'><strong><em>δέ</em></strong></span> <span class='ocrx_word' id='word_1_198' title='bbox 1162 2621 1195 2670; x_wconf 76' lang='grc'><strong><em>17</em></strong></span> 
     </span>
     <span class='ocr_line' id='line_1_26' title="bbox 114 2702 1142 2793; baseline -0.004 -22"><span class='ocrx_word' id='word_1_199' title='bbox 114 2702 182 2793; x_wconf 85' lang='grc' dir='ltr'><strong><em>πρό</em></strong></span> <span class='ocrx_word' id='word_1_200' title='bbox 199 2710 257 2771; x_wconf 83' lang='grc' dir='ltr'><strong><em>τοῦ</em></strong></span> <span class='ocrx_word' id='word_1_201' title='bbox 276 2707 413 2793; x_wconf 83' lang='grc' dir='ltr'><strong><em>λουτροῦ</em></strong></span> <span class='ocrx_word' id='word_1_202' title='bbox 430 2705 535 2793; x_wconf 92' lang='grc' dir='ltr'><strong><em>κάρυα</em></strong></span> <span class='ocrx_word' id='word_1_203' title='bbox 552 2708 607 2772; x_wconf 82' lang='grc' dir='ltr'><strong><em>καί</em></strong></span> <span class='ocrx_word' id='word_1_204' title='bbox 620 2708 736 2772; x_wconf 84' lang='grc' dir='ltr'><strong><em>πεττοί</em></strong></span> <span class='ocrx_word' id='word_1_205' title='bbox 750 2704 906 2772; x_wconf 83' lang='grc' dir='ltr'><strong><em>ἐστωσαν.</em></strong></span> <span class='ocrx_word' id='word_1_206' title='bbox 933 2708 1142 2769; x_wconf 89' lang='grc' dir='ltr'><strong><em>κατακείσθω</em></strong></span> 
     </span>
     <span class='ocr_line' id='line_1_27' title="bbox 116 2802 1145 2895; baseline -0.002 -21"><span class='ocrx_word' id='word_1_207' title='bbox 116 2803 203 2874; x_wconf 79' lang='grc' dir='ltr'><strong><em>ὅπου</em></strong></span> <span class='ocrx_word' id='word_1_208' title='bbox 222 2803 261 2873; x_wconf 78' lang='grc' dir='ltr'><strong><em>δν</em></strong></span> <span class='ocrx_word' id='word_1_209' title='bbox 278 2808 356 2894; x_wconf 84' lang='grc' dir='ltr'><strong><em>τάχη</em></strong></span> <span class='ocrx_word' id='word_1_210' title='bbox 376 2807 524 2886; x_wconf 67' lang='grc' dir='ltr'><strong><em>ἕκαστος·</em></strong></span> <span class='ocrx_word' id='word_1_211' title='bbox 545 2805 674 2892; x_wconf 83' lang='grc' dir='ltr'><strong><em>ἀξίωμα</em></strong></span> <span class='ocrx_word' id='word_1_212' title='bbox 692 2805 713 2895; x_wconf 84' lang='grc' dir='ltr'><em>ἢ</em></span> <span class='ocrx_word' id='word_1_213' title='bbox 730 2813 821 2894; x_wconf 84' lang='grc' dir='ltr'><strong><em>χένος</em></strong></span> <span class='ocrx_word' id='word_1_214' title='bbox 833 2804 860 2893; x_wconf 78' lang='grc' dir='ltr'><em>ἢ</em></span> <span class='ocrx_word' id='word_1_215' title='bbox 878 2809 1021 2884; x_wconf 80' lang='grc' dir='ltr'><strong><em>πλοῦτος</em></strong></span> <span class='ocrx_word' id='word_1_216' title='bbox 1035 2802 1145 2892; x_wconf 80' lang='grc' dir='ltr'><strong><em>ὀλίγον</em></strong></span> 
     </span>
     <span class='ocr_line' id='line_1_28' title="bbox 116 2900 1144 2999; baseline -0.003 -22"><span class='ocrx_word' id='word_1_217' title='bbox 116 2900 308 2977; x_wconf 77' lang='grc' dir='ltr'><strong><em>συντελείτω</em></strong></span> <span class='ocrx_word' id='word_1_218' title='bbox 328 2908 361 2988; x_wconf 85' lang='grc' dir='ltr'><strong><em>ἐς</em></strong></span> <span class='ocrx_word' id='word_1_219' title='bbox 377 2910 556 2999; x_wconf 80' lang='grc' dir='ltr'><strong><em>προνομήν.</em></strong></span> <span class='ocrx_word' id='word_1_220' title='bbox 595 2911 683 2977; x_wconf 86' lang='grc' dir='ltr'><strong><em>οίνου</em></strong></span> <span class='ocrx_word' id='word_1_221' title='bbox 706 2917 764 2976; x_wconf 84' lang='grc' dir='ltr'><strong><em>τοῦ</em></strong></span> <span class='ocrx_word' id='word_1_222' title='bbox 788 2907 887 2975; x_wconf 76' lang='grc' dir='ltr'><strong><em>αὐτοῦ</em></strong></span> <span class='ocrx_word' id='word_1_223' title='bbox 911 2915 1018 2976; x_wconf 87' lang='grc' dir='ltr'><strong><em>πίνειν</em></strong></span> <span class='ocrx_word' id='word_1_224' title='bbox 1036 2903 1144 2974; x_wconf 81' lang='grc' dir='ltr'><strong><em>άπαυ-</em></strong></span> 
     </span>
     <span class='ocr_line' id='line_1_29' title="bbox 114 3007 1145 3113; baseline -0.002 -35"><span class='ocrx_word' id='word_1_225' title='bbox 114 3033 188 3090; x_wconf 82' lang='grc' dir='ltr'><strong><em>τας·</em></strong></span> <span class='ocrx_word' id='word_1_226' title='bbox 210 3009 288 3099; x_wconf 78' lang='grc' dir='ltr'><strong><em>μηδ’</em></strong></span> <span class='ocrx_word' id='word_1_227' title='bbox 302 3011 385 3080; x_wconf 84' lang='grc' dir='ltr'><strong><em>ἐστω</em></strong></span> <span class='ocrx_word' id='word_1_228' title='bbox 404 3015 576 3101; x_wconf 90' lang='grc' dir='ltr'><strong><em>πρόφασις</em></strong></span> <span class='ocrx_word' id='word_1_229' title='bbox 593 3019 641 3099; x_wconf 77' lang='grc' dir='ltr'><strong><em>τῷ</em></strong></span> <span class='ocrx_word' id='word_1_230' title='bbox 660 3015 809 3098; x_wconf 80' lang='grc' dir='ltr'><strong><em>πλουσίῳ</em></strong></span> <span class='ocrx_word' id='word_1_231' title='bbox 831 3009 852 3098; x_wconf 81' lang='grc' dir='ltr'>ἢ</span> <span class='ocrx_word' id='word_1_232' title='bbox 871 3012 1035 3094; x_wconf 84' lang='grc' dir='ltr'><strong><em>στομάχου</em></strong></span> <span class='ocrx_word' id='word_1_233' title='bbox 1054 3007 1080 3113; x_wconf 44' lang='grc' dir='ltr'><strong><em>ἢΙ</em></strong></span> <span class='ocrx_word' id='word_1_234' title='bbox 1092 3010 1145 3076; x_wconf 79' lang='grc' dir='ltr'><strong><em>κέ-</em></strong></span> 
     </span>
     <span class='ocr_line' id='line_1_30' title="bbox 115 3111 1142 3204; baseline -0.003 -23"><span class='ocrx_word' id='word_1_235' title='bbox 115 3117 224 3204; x_wconf 83' lang='grc' dir='ltr'><strong><em>φαλῆς</em></strong></span> <span class='ocrx_word' id='word_1_236' title='bbox 246 3112 357 3203; x_wconf 85' lang='grc' dir='ltr'><strong><em>όδόνη,</em></strong></span> <span class='ocrx_word' id='word_1_237' title='bbox 382 3113 428 3194; x_wconf 80' lang='grc' dir='ltr'><strong><em>ιός</em></strong></span> <span class='ocrx_word' id='word_1_238' title='bbox 444 3116 545 3199; x_wconf 91' lang='grc' dir='ltr'><strong><em>μόνον</em></strong></span> <span class='ocrx_word' id='word_1_239' title='bbox 564 3112 604 3181; x_wconf 75' lang='grc' dir='ltr'><strong><em>δι’</em></strong></span> <span class='ocrx_word' id='word_1_240' title='bbox 622 3111 720 3200; x_wconf 81' lang='grc' dir='ltr'><strong><em>αὗτὴν</em></strong></span> <span class='ocrx_word' id='word_1_241' title='bbox 742 3118 848 3180; x_wconf 85' lang='grc' dir='ltr'><strong><em>πίνειν</em></strong></span> <span class='ocrx_word' id='word_1_242' title='bbox 870 3119 928 3179; x_wconf 83' lang='grc' dir='ltr'><strong><em>τοῦ</em></strong></span> <span class='ocrx_word' id='word_1_243' title='bbox 950 3119 1142 3199; x_wconf 85' lang='grc' dir='ltr'><strong><em>κρείττονος.</em></strong></span> 
     </span>
     <span class='ocr_line' id='line_1_31' title="bbox 87 3213 1145 3307; baseline -0.006 -22"><span class='ocrx_word' id='word_1_244' title='bbox 87 3219 218 3306; x_wconf 87' lang='grc' dir='ltr'><strong><em>’μοῖρα</em></strong></span> <span class='ocrx_word' id='word_1_245' title='bbox 239 3223 341 3307; x_wconf 80' lang='grc' dir='ltr'><strong><em>κρεῶν</em></strong></span> <span class='ocrx_word' id='word_1_246' title='bbox 363 3215 431 3285; x_wconf 77' lang='grc' dir='ltr'><strong><em>κατ’</em></strong></span> <span class='ocrx_word' id='word_1_247' title='bbox 447 3218 519 3286; x_wconf 78' lang='grc' dir='ltr'><strong><em>ἰ’σον</em></strong></span> <span class='ocrx_word' id='word_1_248' title='bbox 543 3213 683 3284; x_wconf 76' lang='grc' dir='ltr'><strong><em>ἅπασιν·</em></strong></span> <span class='ocrx_word' id='word_1_249' title='bbox 712 3216 744 3281; x_wconf 80' lang='grc' dir='ltr'><strong><em>οἳ</em></strong></span> <span class='ocrx_word' id='word_1_250' title='bbox 767 3215 914 3281; x_wconf 90' lang='grc' dir='ltr'><strong><em>διάκονοι</em></strong></span> <span class='ocrx_word' id='word_1_251' title='bbox 940 3213 1026 3301; x_wconf 84' lang='grc' dir='ltr'><strong><em>πρὸς</em></strong></span> <span class='ocrx_word' id='word_1_252' title='bbox 1049 3214 1145 3296; x_wconf 87' lang='grc' dir='ltr'><strong><em>χάριν</em></strong></span> 
     </span>
     <span class='ocr_line' id='line_1_32' title="bbox 112 3317 1146 3421; baseline -0.01 -33"><span class='ocrx_word' id='word_1_253' title='bbox 112 3322 231 3408; x_wconf 84' lang='grc' dir='ltr'><strong><em>μηδενί</em></strong></span> <span class='ocrx_word' id='word_1_254' title='bbox 247 3322 357 3408; x_wconf 87' lang='grc' dir='ltr'><strong><em>μηδέν.</em></strong></span> <span class='ocrx_word' id='word_1_255' title='bbox 392 3319 476 3387; x_wconf 77' lang='grc' dir='ltr'><strong><em>ἄλλα</em></strong></span> <span class='ocrx_word' id='word_1_256' title='bbox 495 3321 580 3421; x_wconf 72' lang='grc' dir='ltr'><strong><em>μηδὲ</em></strong></span> <span class='ocrx_word' id='word_1_257' title='bbox 601 3319 850 3405; x_wconf 86' lang='grc' dir='ltr'><strong><em>βραδυνέτωσαν</em></strong></span> <span class='ocrx_word' id='word_1_258' title='bbox 867 3317 950 3402; x_wconf 81' lang='grc' dir='ltr'><strong><em>μηδὲ</em></strong></span> <span class='ocrx_word' id='word_1_259' title='bbox 968 3338 1146 3404; x_wconf 87' lang='grc' dir='ltr'><strong><em>παραπεμ-</em></strong></span> 
     </span>
     <span class='ocr_line' id='line_1_33' title="bbox 113 3415 1144 3512; baseline -0.008 -21"><span class='ocrx_word' id='word_1_260' title='bbox 113 3429 311 3505; x_wconf 87' lang='grc' dir='ltr'><strong><em>πέσθωσαν,</em></strong></span> <span class='ocrx_word' id='word_1_261' title='bbox 335 3421 400 3491; x_wconf 80' lang='grc' dir='ltr'><strong><em>ἐστ’</em></strong></span> <span class='ocrx_word' id='word_1_262' title='bbox 417 3420 456 3491; x_wconf 82' lang='grc' dir='ltr'><strong><em>δν</em></strong></span> <span class='ocrx_word' id='word_1_263' title='bbox 480 3421 591 3503; x_wconf 79' lang='grc' dir='ltr'><strong><em>αὐτοῖς</em></strong></span> <span class='ocrx_word' id='word_1_264' title='bbox 614 3424 705 3512; x_wconf 82' lang='grc' dir='ltr'><strong><em>δοκῇ,</em></strong></span> <span class='ocrx_word' id='word_1_265' title='bbox 735 3417 847 3488; x_wconf 79' lang='grc' dir='ltr'><strong><em>ὁπόσα</em></strong></span> <span class='ocrx_word' id='word_1_266' title='bbox 867 3417 927 3506; x_wconf 81' lang='grc' dir='ltr'><strong><em>χρὴ</em></strong></span> <span class='ocrx_word' id='word_1_267' title='bbox 951 3415 1144 3507; x_wconf 78' lang='grc' dir='ltr'><strong><em>ἀποφέρειν.</em></strong></span> 
     </span>
    </p>
   </div>
   <div class='ocr_carea' id='block_1_7' title="bbox 112 3512 1197 4018">
    <p class='ocr_par' dir='ltr' id='par_1_10' title="bbox 112 3512 1197 4018">
     <span class='ocr_line' id='line_1_34' title="bbox 114 3512 1143 3614; baseline -0.007 -21"><span class='ocrx_word' id='word_1_268' title='bbox 114 3524 200 3612; x_wconf 75' lang='grc' dir='ltr'><strong><em>μηδὲ</em></strong></span> <span class='ocrx_word' id='word_1_269' title='bbox 217 3532 264 3613; x_wconf 74' lang='grc' dir='ltr'><strong><em>τῷ</em></strong></span> <span class='ocrx_word' id='word_1_270' title='bbox 281 3527 339 3610; x_wconf 75' lang='grc' dir='ltr'><strong><em>μέν</em></strong></span> <span class='ocrx_word' id='word_1_271' title='bbox 356 3512 491 3613; x_wconf 79' lang='grc' dir='ltr'><strong><em>μεγάλα,</em></strong></span> <span class='ocrx_word' id='word_1_272' title='bbox 511 3534 558 3614; x_wconf 73' lang='grc' dir='ltr'><strong><em>τῷ</em></strong></span> <span class='ocrx_word' id='word_1_273' title='bbox 577 3524 612 3593; x_wconf 81' lang='grc' dir='ltr'><strong><em>δέ</em></strong></span> <span class='ocrx_word' id='word_1_274' title='bbox 629 3526 748 3614; x_wconf 78' lang='grc' dir='ltr'><strong><em>κομιδῇ</em></strong></span> <span class='ocrx_word' id='word_1_275' title='bbox 766 3522 866 3610; x_wconf 89' lang='grc' dir='ltr'><strong><em>μικρὰ</em></strong></span> <span class='ocrx_word' id='word_1_276' title='bbox 885 3527 1143 3612; x_wconf 85' lang='grc' dir='ltr'><strong><em>παρατιθέσθω,</em></strong></span> 
     </span>
     <span class='ocr_line' id='line_1_35' title="bbox 112 3621 1146 3717; baseline -0.007 -22"><span class='ocrx_word' id='word_1_277' title='bbox 112 3629 202 3714; x_wconf 76' lang='grc' dir='ltr'><strong><em>μηδὲ</em></strong></span> <span class='ocrx_word' id='word_1_278' title='bbox 216 3636 264 3716; x_wconf 71' lang='grc' dir='ltr'><strong><em>τη]</em></strong></span> <span class='ocrx_word' id='word_1_279' title='bbox 282 3630 340 3712; x_wconf 78' lang='grc' dir='ltr'><strong><em>μὲν</em></strong></span> <span class='ocrx_word' id='word_1_280' title='bbox 358 3626 375 3696; x_wconf 87' lang='grc' dir='ltr'><strong><em>δ</em></strong></span> <span class='ocrx_word' id='word_1_281' title='bbox 394 3628 511 3717; x_wconf 83' lang='grc' dir='ltr'><strong><em>μηρός,</em></strong></span> <span class='ocrx_word' id='word_1_282' title='bbox 531 3636 578 3716; x_wconf 75' lang='grc' dir='ltr'><strong><em>τῷ</em></strong></span> <span class='ocrx_word' id='word_1_283' title='bbox 598 3630 633 3695; x_wconf 81' lang='grc' dir='ltr'><strong><em>δὲ</em></strong></span> <span class='ocrx_word' id='word_1_284' title='bbox 651 3625 670 3715; x_wconf 79' lang='grc' dir='ltr'>ἡ</span> <span class='ocrx_word' id='word_1_285' title='bbox 690 3629 815 3715; x_wconf 73' lang='grc' dir='ltr'><strong><em>γνάθος</em></strong></span> <span class='ocrx_word' id='word_1_286' title='bbox 834 3624 926 3707; x_wconf 84' lang='grc' dir='ltr'><strong><em>συὸς,</em></strong></span> <span class='ocrx_word' id='word_1_287' title='bbox 948 3621 1017 3690; x_wconf 67' lang='grc' dir='ltr'><strong><em>ἀλλ’</em></strong></span> <span class='ocrx_word' id='word_1_288' title='bbox 1034 3624 1146 3709; x_wconf 77' lang='grc' dir='ltr'><strong><em>ἰσότης</em></strong></span> 
     </span>
     <span class='ocr_line' id='line_1_36' title="bbox 113 3725 1197 3819; baseline -0.002 -23"><span class='ocrx_word' id='word_1_289' title='bbox 113 3727 176 3796; x_wconf 84' lang='grc' dir='ltr'><strong><em>ἐπί</em></strong></span> <span class='ocrx_word' id='word_1_290' title='bbox 197 3736 311 3798; x_wconf 82' lang='grc' dir='ltr'><strong><em>πᾶσιν.</em></strong></span> <span class='ocrx_word' id='word_1_291' title='bbox 353 3728 371 3799; x_wconf 82' lang='grc' dir='ltr'><strong><em>ό</em></strong></span> <span class='ocrx_word' id='word_1_292' title='bbox 395 3732 542 3812; x_wconf 84' lang='grc' dir='ltr'><strong><em>οἰνοχόος</em></strong></span> <span class='ocrx_word' id='word_1_293' title='bbox 560 3729 617 3811; x_wconf 82' lang='grc' dir='ltr'><strong><em>ὀξὺ</em></strong></span> <span class='ocrx_word' id='word_1_294' title='bbox 643 3732 820 3819; x_wconf 84' lang='grc' dir='ltr'><strong><em>δεδορκέτω</em></strong></span> <span class='ocrx_word' id='word_1_295' title='bbox 846 3729 880 3794; x_wconf 88' lang='grc' dir='ltr'><strong><em>ἐκ</em></strong></span> <span class='ocrx_word' id='word_1_296' title='bbox 902 3730 1075 3815; x_wconf 76' lang='grc' dir='ltr'><strong><em>περιωπῆς</em></strong></span> <span class='ocrx_word' id='word_1_297' title='bbox 1091 3725 1145 3801; x_wconf 87' lang='grc' dir='ltr'><strong><em>είς</em></strong></span> <span class='ocrx_word' id='word_1_298' title='bbox 1164 3745 1197 3794; x_wconf 82' lang='grc'><strong><em>18</em></strong></span> 
     </span>
     <span class='ocr_line' id='line_1_37' title="bbox 113 3826 1146 3920; baseline -0.005 -22"><span class='ocrx_word' id='word_1_299' title='bbox 113 3831 263 3914; x_wconf 71' lang='grc' dir='ltr'><strong><em>ἕκαστον,</em></strong></span> <span class='ocrx_word' id='word_1_300' title='bbox 287 3836 342 3901; x_wconf 84' lang='grc' dir='ltr'><strong><em>καλ</em></strong></span> <span class='ocrx_word' id='word_1_301' title='bbox 361 3834 494 3899; x_wconf 83' lang='grc' dir='ltr'><strong><em>ἐλαττον</em></strong></span> <span class='ocrx_word' id='word_1_302' title='bbox 518 3833 550 3910; x_wconf 84' lang='grc' dir='ltr'><strong><em>ἐς</em></strong></span> <span class='ocrx_word' id='word_1_303' title='bbox 566 3830 623 3899; x_wconf 83' lang='grc' dir='ltr'><strong><em>τὸν</em></strong></span> <span class='ocrx_word' id='word_1_304' title='bbox 647 3834 820 3920; x_wconf 81' lang='grc' dir='ltr'><strong><em>δεσπότην,</em></strong></span> <span class='ocrx_word' id='word_1_305' title='bbox 844 3833 899 3916; x_wconf 78' lang='grc' dir='ltr'><strong><em>καὶ</em></strong></span> <span class='ocrx_word' id='word_1_306' title='bbox 922 3829 971 3896; x_wconf 78' lang='grc' dir='ltr'><strong><em>’ἐτι</em></strong></span> <span class='ocrx_word' id='word_1_307' title='bbox 994 3826 1146 3911; x_wconf 79' lang='grc' dir='ltr'><strong><em>ὀξύτερον</em></strong></span> 
     </span>
     <span class='ocr_line' id='line_1_38' title="bbox 113 3922 1148 4018; baseline -0.004 -18"><span class='ocrx_word' id='word_1_308' title='bbox 113 3931 273 4001; x_wconf 78' lang='grc' dir='ltr'><strong><em>ἀκουέτω.</em></strong></span> <span class='ocrx_word' id='word_1_309' title='bbox 309 3940 364 4003; x_wconf 81' lang='grc' dir='ltr'><strong><em>καὶ</em></strong></span> <span class='ocrx_word' id='word_1_310' title='bbox 382 3928 507 4014; x_wconf 84' lang='grc' dir='ltr'><strong><em>κύλικες</em></strong></span> <span class='ocrx_word' id='word_1_311' title='bbox 525 3922 692 4002; x_wconf 83' lang='grc' dir='ltr'><strong><em>παντοῖαι.</em></strong></span> <span class='ocrx_word' id='word_1_312' title='bbox 728 3937 784 4005; x_wconf 83' lang='grc' dir='ltr'><strong><em>,καὶ</em></strong></span> <span class='ocrx_word' id='word_1_313' title='bbox 802 3933 921 4013; x_wconf 83' lang='grc' dir='ltr'><strong><em>ἐξέστω</em></strong></span> <span class='ocrx_word' id='word_1_314' title='bbox 940 3935 1094 4018; x_wconf 89' lang='grc' dir='ltr'><strong><em>παρέχειν</em></strong></span> <span class='ocrx_word' id='word_1_315' title='bbox 1108 3926 1148 4018; x_wconf 74' lang='grc' dir='ltr'><strong><em>ἣν</em></strong></span> 
     </span>
    </p>
   </div>
   <div class='ocr_carea' id='block_1_8' title="bbox 111 4030 1148 4191">
    <p class='ocr_par' dir='ltr' id='par_1_11' title="bbox 111 4030 1148 4191">
     <span class='ocr_line' id='line_1_39' title="bbox 111 4030 1148 4127; baseline -0.008 -21"><span class='ocrx_word' id='word_1_316' title='bbox 111 4062 168 4116; x_wconf 81' lang='grc' dir='ltr'><strong><em>τις</em></strong></span> <span class='ocrx_word' id='word_1_317' title='bbox 191 4036 311 4105; x_wconf 84' lang='grc' dir='ltr'><strong><em>ἐθέλει.</em></strong></span> <span class='ocrx_word' id='word_1_318' title='bbox 353 4043 548 4127; x_wconf 88' lang='grc' dir='ltr'><strong><em>φιλοτησίας</em></strong></span> <span class='ocrx_word' id='word_1_319' title='bbox 570 4037 692 4116; x_wconf 81' lang='grc' dir='ltr'><strong><em>πάντες</em></strong></span> <span class='ocrx_word' id='word_1_320' title='bbox 713 4043 800 4104; x_wconf 84' lang='grc' dir='ltr'><strong><em>πᾶσι</em></strong></span> <span class='ocrx_word' id='word_1_321' title='bbox 822 4039 1084 4122; x_wconf 85' lang='grc' dir='ltr'><strong><em>προπινέτωσαν,</em></strong></span> <span class='ocrx_word' id='word_1_322' title='bbox 1097 4030 1148 4121; x_wconf 78' lang='grc' dir='ltr'><strong><em>,ἢν</em></strong></span> 
     </span>
     <span class='ocr_line' id='line_1_40' title="bbox 172 4137 976 4191; baseline -0.005 -8"><span class='ocrx_word' id='word_1_323' title='bbox 172 4140 265 4183; x_wconf 75' lang='grc' dir='ltr'><strong><em>ίιιιίοκί</em></strong></span> <span class='ocrx_word' id='word_1_324' title='bbox 279 4141 322 4185; x_wconf 82' lang='grc' dir='ltr'><strong><em>τοί.</em></strong></span> <span class='ocrx_word' id='word_1_325' title='bbox 331 4140 369 4183; x_wconf 81' lang='lat'><em>111.</em></span> <span class='ocrx_word' id='word_1_326' title='bbox 942 4137 976 4191; x_wconf 82' lang='lat'><strong><em>13</em></strong></span> 
     </span>
    </p>
   </div>
   <div class='ocr_carea' id='block_1_9' title="bbox 0 0 1400 4580">
    <p class='ocr_par' dir='ltr' id='par_1_12' title="bbox 0 0 1400 4580">
     <span class='ocr_line' id='line_1_41' title="bbox 0 0 1400 4580; baseline 0 0"><span class='ocrx_word' id='word_1_327' title='bbox 0 0 1400 4580; x_wconf 95' lang='lat' dir='ltr'><strong><em> </em></strong></span> 
     </span>
    </p>
   </div>
  </div>
 </body>
</html>
