2782 4574
243 231 363 288 σανα.
388 202 618 286 mmm
638 229 849 285 A1AA0r01
871 229 912 284 12.
927 228 968 284 13.
1060 216 1125 291 155

91 332 124 406 δι’
139 330 233 421 ὅμως
249 331 399 413 καὶτοὺς
420 333 572 421 ἑταίραις
593 333 917 419 ἐπιλαμβανομένους
939 330 1125 403 ἀποσεισά-

89 465 240 528 μενος-
250 437 454 506 ἐδεδοίκεσαν
462 434 524 524 γὰρ
536 432 618 524 ὑπὲρ
633 436 714 521 ἐμοῦ
725 434 864 526 δρῶντος
878 432 1124 522 ἀποστίλβοντα

88 538 202 626 μὲν
167 564 225 607 τον
242 538 444 629 βάρβαρονέ
445 540 619 625 πιχρύσοις
639 552 711 619 τοῖς
733 535 865 620 οπλοις,
888 544 990 625 μέγαν
1014 541 1050 607 δδ
1066 541 1124 612 καί,

90 638 280 733 φοβερὸν”
259 666 339 709 οντα
359 639 416 710 τὸν
438 642 543 737 λόφον
564 643 620 709 καί
641 642 856 731 κραδαίνοντα
877 640 935 730 τήν
956 641 1123 729 λόγχην..

141 759 235 816 XHN
270 741 371 832 Κάγω
390 745 501 812 ἐδεισα
518 744 607 822 τότε,
632 735 660 809 ὦ
676 744 847 828 Λεόντιχε,
869 746 926 811 καί
949 740 1102 811 οίσθα(
1077 769 1125 825 ως

90 846 226 934 εἰχόμην
253 870 314 914 σου
343 847 534 931 δεόμενοςι
521 845 566 933 μὴ
593 847 869 934 προκινδυνεύειν·
906 840 1049 973 ἀβίωτα
1059 843 1122 937 γὰρ
1232 900 1239 903 .

90 946 178 1017 εἷναί
190 973 253 1037 μοι
272 953 332 1016 σοῦ
352 945 597 1028 ἀποθανόντος.

142 1064 281 1122 AEONT.
312 1046 419 1118 .’4λλ”
404 1048 467 1137 εγὼ
486 1051 652 1138 τολμήσας
669 1049 880 1140 παρήλθονέ
879 1076 897 1131 ς
914 1077 953 1119 το
938 1048 1119 1137 “”μέσον
1082 1077 1120 1120 ου
1140 1074 1156 1123 ε

71 1164 199 1243 ’χεῖρον
216 1177 275 1219 του
261 1150 508 1240 Παφλαγόνος
526 1149 742 1236 ὡπλισμένος,
763 1150 846 1220 ἀλλὰ
860 1154 1050 1243 πάγχρυσος
1067 1157 1124 1223 καί

12 1300 13 1303 =
91 1252 202 1335 αὐτός.
234 1249 321 1322 ὥστε
337 1251 399 1341 βοὴ
419 1250 521 1333 εάθὺς
539 1251 663 1341 ἐγένετο
681 1251 833 1351 καὶκτιαρι
848 1252 939 1344 ήμῶν
956 1259 1012 1323 καὶ
1029 1254 1123 1343 παρὰ

90 1363 159 1425 τῶν
177 1356 370 1444 βαρβάρων·
394 1355 573 1445 ἐγνώρισαν
594 1356 657 1445 γάρ
679 1382 721 1442 με
742 1352 887 1424 κάκεῖνοι
910 1358 1034 1436 ἰδόντες
1052 1355 1122 1425 ἀπὸ

91 1465 150 1547 τῆς
176 1461 298 1544 πέλτης
323 1459 469 1543 μάλιστα
494 1462 637 1526 καὶτῶν
660 1460 818 1548 φαλάρων
844 1462 980 1526 καὶτοῦ
1002 1458 1121 1548 λόφου.

92 1562 177 1643 είπὲ,
199 1551 379 1649 ὦΧηνίδα,
399 1569 464 1628 τίνι
479 1586 521 1646 με
537 1562 614 1629 τότε
631 1562 753 1655 πάντες
770 1557 904 1651 ᾔκαζον,·
1003 1586 1004 1589 ’

142 1678 235 1733 XHN.
273 1668 343 1730 Τίνι
362 1663 397 1729 δέ
416 1659 504 1750 ἀλλην
516 1660 544 1751 ή
558 1661 748 1752 Ἅχιλλεῖνή
767 1669 832 1732 Δία
849 1671 896 1752 τῷ
918 1665 1050 1743 θέτιδος
1067 1665 1135 1733 καί
1229 1735 1230 1741 ¹

91 1769 244 1853 Πηλίως;
272 1761 376 1845 οὕτως
399 1763 524 1850 ἐπρεπέ
544 1771 603 1850 μέν
625 1789 680 1835 σοι
702 1763 721 1854 ή
744 1768 855 1856 κόρυς,
878 1764 898 1855 ή
922 1769 1065 1856 φοινικὶς
1087 1767 1123 1833 δέ
1179 1832 1181 1835 ,

92 1866 236 1957 ἐπήνθει
251 1870 308 1935 καὶ
324 1864 344 1955 ή
363 1870 465 1955 πέλτη
485 1866 694 1955 ἐμάρμαιρεν.

96 2000 99 2007 ’
144 1985 282 2041 ΔΕΟΝΤ.
314 1965 406 2037 Ἐπεὶ
428 1970 464 2036 δέ
487 1975 697 2058 συνέστημεν,
726 1968 744 2039 δ
766 1971 934 2061 βάρβαρος
960 1972 1124 2061 πρότερος

92 2074 267 2159 τιτρώσκει
287 2097 330 2157 με
352 2068 461 2158 ὀλίγον
483 2068 562 2140 ἀσον
586 2068 786 2159 ἐπιψαύσας
801 2079 849 2160 τῷ
869 2075 985 2162 δόρατι
1006 2071 1122 2158 μικρὸν

92 2174 176 2264 ύπέρ
198 2172 237 2242 τὸ
259 2175 351 2262 γόνυ,
380 2172 443 2261 ἐγὼ
468 2175 504 2242 δέ
531 2175 686 2254 διελάσας
706 2173 771 2263 τὴν,
787 2172 916 2242 ἀσπίδα
937 2181 976 2263 τῇ
1004 2180 1123 2262 σαρίσῃ

92 2284 184 2347 παίω
205 2274 357 2362 διαμπὰξ
373 2275 406 2356 ἐς
421 2275 459 2344 τὸ
475 2282 615 2368 στέρνον,
635 2275 692 2345 εἶτ’
704 2276 895 2366 ἐπιδραμὼν
909 2274 1124 2366 ἀπεδειροτό-

92 2404 183 2469 μησα
203 2385 243 2469 τῇ
266 2379 386 2468 σπάθῃ
409 2381 487 2468 ῥηδί
487 2406 545 2462 ως,
572 2382 628 2449 καὶ
648 2377 690 2447 τά
717 2375 842 2448 ὅπλα
824 2405 905 2463 εχων
919 2356 1122 2468 ἐπανῆλθον,

80 2479 164 2568 ἀμα
172 2480 287 2549 καὶ
252 2509 310 2570 την
327 2479 470 2571 κεφαλήν
486 2481 595 2551 ἐπὶ
556 2509 614 2571 της
627 2487 765 2572 σαρίσης
778 2496 965 2588 πεπηγυῖαν
982 2482 1124 2567 κομίζων

61 2675 67 2679 .
92 2587 286 2670 λελουμένος
303 2590 350 2672 τῷ
369 2585 473 2673 φόνῳ.

143 2702 235 2758 &MN
267 2682 401 2773 Λπαγε,
425 2677 452 2753 ὦ
470 2687 635 2771 Λεόντιχε.
671 2686 776 2773 μιαρὰ
794 2690 973 2775 ταῦτακαὶ
994 2684 1159 2775 φοβεράλ

90 2792 172 2877 περὶ
191 2795 313 2856 σαυτοῦ
333 2790 442 2877 διηγῇ,
466 2786 576 2856 κάλ’
540 2814 598 2856 ουκ
616 2785 656 2856 ἀν
675 2788 724 2856 ἐτι
743 2813 779 2856 σε
798 2786 874 2857 οὐδὲ
896 2793 1125 2877 προσβλέψειέ

90 2918 144 2972 τις
162 2887 251 2958 ούτω
265 2897 423 3019 χαίροντα
439 2917 486 3014 τφ
472 2891 635 3013 λήθρφ,
660 2888 719 2975 οάχ
737 2887 830 2971 ὅπως
848 2897 991 2976 συμπίοι
1008 2888 1029 2980 ἢ
1048 2916 1126 2979 συγ-

90 3000 283 3082 κοιμηθείη.
321 2992 420 3079 ἐ’γωγε
440 2983 495 3061 οὖν
514 2990 643 3077 ἀπειμι.

144 3110 282 3168 ΔΕΟΝΤ.
318 3095 504 3163 Διπλάσιον
522 3091 724 3179 ἀπόλαβε
690 3121 729 3162 το
747 3098 922 3178 μίσθωμα.

144 3214 235 3269 ΥΜΝ.
276 3194 402 3266 Οάκάν
423 3194 639 3282 ὑπομείναιμι
661 3193 855 3285 ἀνδροφόνῳ
879 3196 1124 3282 συγκαθεύδειν.

144 3315 282 3371 ΔΕΟΝΤ.
321 3298 522 3387 Μή-δόδιθι,
552 3289 697 3382 ὦῪμνί·
724 3295 757 3366 ἐν
779 3297 1003 3386 Παφλαγόσιν
1019 3295 1126 3363 ἐκεῖνα

91 3408 295 3490 πέπρακται,
314 3408 370 3469 νῦν
389 3403 424 3469 δὲ
443 3401 570 3490 εἰρήνην
589 3397 668 3489 ἀγω.
1037 3490 1040 3495 ¹
1161 3472 1164 3476 ,

146 3522 236 3583 ffl-
260 3501 338 3573 Ἀλλ’
351 3502 464 3592 ἐναγής
479 3500 661 3592 ἀνθρωπος
674 3500 713 3588 εί,
728 3501 834 3572 καὶτὸ
851 3501 936 3589 αἷμα
949 3500 1127 3583 κατέσταζέ

93 3634 156 3678 σου
176 3605 245 3676 ἀπὸ
263 3614 336 3734 τής
334 3609 477 3696 κεφαλῆς
489 3612 549 3674 τοῦ
562 3607 740 3694 βαρβάρου,
760 3606 799 3694 ἢν
813 3605 998 3734 ἐφερεςέπί
1011 3612 1050 3694 τή
1065 3630 1126 3673 σα-

93 3715 182 3801 ρίση.
196 3707 294 3778 εἶδ’
280 3735 342 3798 εγω
352 3734 506 3787 τοιουτου
524 3705 626 3798 ἀνδρα
644 3711 814 3798 περιβάλω
830 3735 885 3776 και
874 3709 1051 3798 φιλήσω,·
1068 3705 1124 3794 μή,
1235 3743 1243 3762 =

93 3803 123 3879 τέ
143 3813 292 3900 Χάριτες,
312 3818 454 3900 γίνοιτο·
474 3809 615 3879 οὐδὲν
579 3836 640 3898 γαρ
655 3803 752 3890 οὗτος
766 3809 907 3895 ἀμείνων
920 3835 978 3877 του
965 3812 1075 3876 διί
1023 3836 1058 3897 ημ
1062 3814 1125 3876 ίοο.

146 3931 285 3986 ΔΕΟΝΤ.
319 3919 387 3984 Καὶ
401 3913 465 4005 μὴν
483 3915 517 3983 εἰ’
529 3940 572 4000 με
590 3911 674 3993 εἶδες
692 3913 813 4051 ἐντοῖς
832 3909 973 4005 ύπλοις,
979 3937 1014 3980 ευ
1002 3903 1122 3996 οἶδα,

94 4013 292 4109 ήράσθης”
269 4046 318 4086 αν.
