2752 4574
291 236 777 293 LXXVH.'*'⁴I²IAOIIATP12
800 237 920 295 18-16.
1057 221 1131 290 285

88 341 176 415 ἇλλδι
196 343 252 408 καί
274 336 350 409 δλον
371 339 429 408 τὸν
449 346 524 427 βίον
544 343 779 430 καθειμάρθαι
799 345 856 410 καί
876 339 938 422 τὰς
958 339 993 410 ἐν
1013 340 1122 431 τοόιηι
1193 424 1195 427 ¹

86 443 292 534 μεταβολάς·

661 527 767 599 ’Ὲνθα
786 527 817 596 δ’
834 530 950 599 ἐπειτα

104 714 109 721 ¹
174 638 329 701 πείσεται
347 626 437 699 άσσα
452 632 488 699 οί
504 629 837 712 ΑἶσαΚατακλῶθές
854 659 890 700 τε
906 639 1042 723 βαρεῖαι

172 740 332 822 γινομένῳ
351 736 491 821 νήσαντο
510 737 598 823 λίνῳ,
619 731 674 802 διε
692 763 748 820 μιν
765 742 836 802 τέκε
853 736 970 826 μήτηρ.

85 850 143 917 καὶ
160 846 221 926 τὰς
239 846 273 913 ἐν
292 849 364 935 ξένῃ
383 845 507 929 ἐποχὰς
525 844 582 914 ἀπ’
600 846 720 934 ἐκείνης
736 851 906 932 γίνεσθαι·

138 947 206 1017 'Ha'
224 946 270 1028 ῶς
286 952 411 1017 Α’ίολον
423 948 569 1033 ’ἱκόμεθ’,
590 945 628 1027 ός
644 975 686 1034 με
703 950 867 1038 πρόφρων
883 946 1045 1017 ὑπέδεκτο

23 1098 31 1119 .
105 1104 123 1129 ,,
140 1056 197 1118 καὶ
214 1049 331 1136 πέμπ’·
352 1050 483 1119 οὐδέπω
503 1050 583 1120 αἶσα
602 1056 699 1141 φίλην
718 1051 752 1131 ἐς
769 1047 905 1140 πατρίδ’
922 1051 1067 1121 ἱκέσθαι.

87 1161 175 1233 δι’στε
198 1164 308 1230 πάντα
330 1160 398 1231 άπὸ
420 1171 487 1231 τῶν
507 1172 644 1253 Μοιρῶν
668 1169 824 1250 γίνεσθαι
851 1160 870 1229 ό
897 1161 1039 1253 ποιητής
1063 1187 1126 1251 με·

86 1266 283 1354 μαρτύρηκε.
318 1265 376 1334 τὸν
394 1268 431 1334 δέ
449 1274 515 1334 Δία
531 1266 576 1355 μή
595 1270 739 1354 θελήσαι
755 1265 813 1333 τδν
830 1264 902 1333 υἱὸν

381 1380 546 1446 θανάτοιο
566 1381 722 1467 δυσηχέος
740 1377 949 1460 ἐξαναλῦσαι,

88 1466 175 1537 οιιο
192 1474 316 1555 μοιμι

106 1588 117 1605 ’
198 1574 422 1657 αἱματοέσσας
440 1577 477 1642 δέ
495 1577 624 1664 ψιάδας
640 1579 808 1657 κατέχευεν
828 1573 934 1663 έραζε,

96 1746 101 1752 ,
196 1679 304 1744 παῖδα
323 1682 419 1765 φίλον
437 1687 550 1762 τιμῶν,
571 1680 628 1747 τόν
646 1679 679 1745 οἱ
696 1680 886 1767 Πάτροκλος
904 1677 1018 1763 έμελλε

200 1786 339 1866 φθίσειν
357 1781 391 1847 ἐν
413 1789 520 1870 Τροίη.
748 1769 751 1774 ⁸

88 1879 184 1963 ὥστε,
207 1873 233 1947 ὦ
253 1890 409 1969 Τριεφῶν,
431 1884 487 1951 διὰ
505 1891 604 1951 τοῦτο
622 1887 723 1972 μηδέν
741 1891 944 1973 προσθεῖναι
962 1885 1041 1971 περὶ
1057 1888 1125 1950 τῶν

88 1968 224 2073 Μοιρῶν
244 1985 418 2074 ἐθελήσῃς,
443 1987 474 2053 εί
491 1990 545 2052 καὶ
562 1989 647 2068 τάχα
665 1989 847 2071 πεδάρσιος
866 1986 1024 2073 ἐγεγόνεις
1039 1983 1126 2069 μετδι

88 2095 148 2153 τοῦ
169 2090 369 2154 διδασκάλου
387 2093 442 2154 καὶ
461 2089 503 2156 τὰ
522 2080 696 2176 άπόρρητα
715 2089 873 2176 ἐμυήθης.
1003 2165 1007 2169 ,

142 2205 264 2258 ΤΡΙΕΦ.
303 2195 369 2257 Καὶ
392 2200 466 2270 πῶς
482 2190 506 2259 ’ὃ
532 2190 630 2270 αὐτὸς
656 2190 810 2279 ποιητής,
840 2182 867 2256 ὦ
894 2192 973 2258 καλὲ
994 2194 1122 2278 Κριτία,
1144 2209 1176 2257 15

91 2290 202 2377 διττὴν
221 2292 363 2380 ἐπιλέγει
385 2293 442 2381 τήν
465 2296 659 2382 εἱμαρμένην
680 2298 734 2361 καί
759 2292 955 2383 ἀμφίβολον,
979 2291 1025 2372 ὥς
1046 2295 1145 2380 τόδει

89 2400 149 2478 μέν
166 2420 200 2459 τι
218 2398 387 2481 πράξαντα
405 2400 525 2484 τοιῷδε
543 2401 631 2465 τέλει
650 2405 840 2486 σογιῦρσαι,
860 2411 952 2466 τοῖον
970 2399 1007 2465 δέ
1023 2394 1128 2486 ποιή-

89 2500 193 2563 σαντα
212 2498 311 2586 ἑτέρην
330 2503 417 2566 τέλει
436 2500 576 2583 ἐντυχεῖν
582 2532 592 2583 ,·
612 2500 657 2580 ῶς
676 2498 726 2567 ἐπ>
739 2498 915 2582 Ἀχιλλέως,

151 2604 339 2698 Διχθαδίας
357 2610 468 2691 Κῆρας
486 2610 625 2692 φερέμεν
644 2604 809 2670 θανάτοιο
827 2605 976 2670 τέλοσδε·

148 2695 181 2768 ἐί
198 2710 257 2786 μέν
275 2704 301 2770 κ’
319 2698 402 2773 αὖθι
419 2712 524 2790 μένων
548 2709 666 2796 Τρώιον
684 2710 783 2773 πόλιν
802 2703 1068 2795 ἀμφιμάχωμαι,

151 2802 254 2873 ῶλετο
272 2814 330 2890 μέν
347 2835 407 2890 μοι
425 2812 554 2889 νόστος,
575 2808 659 2899 ἀτὰρ
677 2814 770 2889 κλέος
788 2807 937 2899 ἐίφθιτον
955 2808 1059 2876 έσται.

151 2908 182 2973 εί
200 2909 237 2975 δέ
254 2935 306 2977 κεν
326 2910 432 2978 οἴκαδ’
434 2964 438 2971 ,
449 2913 586 2994 ἵκωμαι,

151 3006 254 3078 ὤλετό
274 3039 332 3095 μοι
349 3017 442 3093 κλέος
461 3012 593 3095 ἐσθλὸν,
614 3013 672 3081 ἐπὶ
690 3014 788 3103 δηρὸν
807 3016 844 3081 δέ
859 3039 920 3098 μοι
938 3012 1021 3082 αίιδν

153 3111 295 3181 ἐσσεται.

90 3211 177 3280 ἀλλὰ
195 3220 248 3281 καὶ
269 3216 326 3284 ἐπὶ
344 3216 538 3305 Εὗχήνορός,

178 3314 215 3395 ός
233 3317 264 3406 ῥ’
281 3312 316 3385 εδ
336 3319 433 3400 είδῶς
450 3320 517 3409 κῆρ’
535 3319 632 3409 ὀλοήν
650 3319 706 3387 ἐπὶ
724 3319 802 3409 νηὸς
820 3318 942 3404 ἐ’βαινε·

177 3423 319 3488 πολλάκι
337 3426 399 3510 γάρ
419 3426 452 3491 οἱ
470 3426 561 3492 ἐειπε
578 3430 681 3511 γέρων
700 3422 830 3511 άγαθδς
847 3421 1012 3501 Πολύϊδος

152 3525 284 3608 ·νοόοφ
303 3523 359 3591 ὑπ’
376 3524 515 3615 ἀργαλέῃ
535 3535 692 3614 φθίσθαι
710 3527 761 3608 οἷς
780 3527 812 3593 ἐν
829 3527 1023 3613 μεγάροισιν

178 3618 199 3708 ἢ
217 3625 428 3709 μετ’)ίχαιῶν
446 3635 557 3716 νηυσὶν
575 3630 644 3699 ὑπό
665 3634 811 3718 Τρῶεσσι
830 3633 983 3717 δαμῆναι.
1101 3655 1104 3667 ·

90 3718 163 3804 οόχί
186 3726 264 3811 παρ’
286 3728 408 3818 Ὁμήρῳ
431 3740 536 3798 ταῦτα
557 3741 756 3819 γέγραπται,·
782 3732 803 3820 ἢ
831 3733 1019 3821 ἀμφίβολος
1042 3723 1124 3815 αδτη
1145 3750 1177 3798 16

90 3832 144 3891 καὶ
165 3827 395 3919 άμφίκρημνος
413 3834 542 3920 άπάτη,·
561 3837 591 3901 εί
610 3838 646 3902 δέ
663 3838 785 3920 βούλει,
804 3839 860 3900 καὶ
876 3843 936 3901 τοῦ
951 3834 1033 3914 Διὸς
1051 3833 1126 3900 ἐπι-

90 3933 190 4018 θήσω
211 3959 265 4000 σοι
283 3935 340 4002 τόν
359 3939 463 4023 λόγον.
501 3935 576 4018 οόχὶ
590 3945 637 4023 τῷ
655 3939 813 4024 Αἰγίσθῳ
832 3937 955 4025 εἴρηκεν
974 3934 1020 4016 ὡς
1038 3935 1127 4007 ἄπο-

89 4043 238 4122 σχομένφ
257 4041 316 4121 μὲν
334 4046 391 4126 τῆς
404 4047 553 4125 μοιχείας
567 4044 691 4130 καὶτῆς
704 4039 934 4128 Ἀγαμέμνονος
948 4040 1126 4130 ἐπιβουλῆς
