2782 4574
217 213 281 281 118
418 280 422 287 ,
603 225 859 282 εοεεειεου
1164 202 1166 213 ’
1387 168 1389 327 ή

266 348 351 407 ΛΥΚ.
383 327 478 401 5555
495 332 700 416 πλουτῶμεν,
721 330 752 399 εί
768 336 869 402 τοῦτο
887 325 1030 416 άμεενυν,
1049 328 1095 421 μή
1114 333 1171 401 καλ
1187 337 1254 421 ,δα-
1388 336 1389 347 ’

213 439 358 502 οκαίνειν
376 433 409 502 ἒν
426 446 502 514 ταῖς
518 445 644 524 κοιναῖς
662 430 827 518 εὐτυχίαις
845 434 944 502 δοκῶ.

170 587 176 591 ·
258 549 395 609 ἈΔΕΜ-
433 542 489 617 Τίς
507 533 538 605 δ’
551 527 609 607 οὖν
626 543 761 627 πρῶτος
779 533 931 625 άρξεται,·

264 652 350 710 ΛΥΚ
384 638 446 723 Σὺ,
467 630 709 725 ὦὲίδείμαντε,
734 637 808 708 εἶτα
824 637 911 764 μετήι
927 639 965 708 05
983 635 1099 709 οὑτοσὶ
1115 640 1254 727 Σάμιπ-

212 766 292 825 πος,
317 739 390 811 εἶτα
410 743 583 829 Τιμόλαος.
620 739 683 830 555
708 743 816 810 555
762 739 816 811 555
813 767 871 829 νον
890 738 970 812 ὅσον
991 739 1245 831 ἡμιστάδιον
1209 770 1251 815 το

212 844 280 932 πρὸ
306 851 366 913 τοῦ
392 846 541 914 Διπύλου
570 845 781 935 ἐπιλήψομαι
805 852 846 937 τῇ
873 843 963 936 εάχῆ,
996 850 1053 914 καί
1078 855 1177 960 τοῦτο
1204 844 1253 931 ὥς
1300 868 1304 875 ’
1388 848 1389 861 ’

33 1031 40 1038 .
214 946 286 1016 οίάν
302 973 339 1016 τε
356 949 595 1074 παραδραμών.

121 1130 127 1138 ,
163 1071 195 1123 18
265 1066 393 1122 ΑΔΚΙΜ.
425 1047 557 1120 Οὐκοῦν
580 1049 643 1139 55
665 1052 724 1137 μὲν
747 1049 825 1120 0555
846 1057 902 1120 νῦν
929 1040 1167 1142 ἀποστήσομαι
1191 1058 1252 1142 τῆς

212 1152 307 1237 νεὼς,
324 1149 405 1237 ,ἀλλ’
423 1153 561 1243 ἐπείπερ
585 1153 721 1237 ἔξεστιν,
751 1153 961 1245 ἐπιμετρήσω
983 1161 1024 1244 τῇ
1051 1153 1142 1245 εὐχῇ·
1170 1151 1252 1224 555

208 1253 326 1346 Ἑρμῆς
340 1253 358 1324 5
372 1257 515 1345 κερδῷος
529 1244 734 1352 ἐπινευσάτω
745 1253 881 1327 ἅπασιν.
906 1257 990 1326 ίοτω
1004 1256 1066 1383 γάρ
1078 1256 1117 1326 τὸ
1130 1262 1252 1327 πλοῖον

211 1361 268 1426 καί
284 1385 327 1426 τα
311 1357 436 1427 ἕν’
397 1367 486 1448 αυτῷ
501 1360 612 1429 πάντα
630 1342 702 1446 ίμά,
722 1357 812 1428 καλ
795 1385 814 1427 0
833 1362 971 1451 φόρτος,
989 1360 1059 1429 οί”
1040 1386 1191 1451 εμποροι,
1213 1360 1252 1429 αλ

211 1474 373 1588 γυναῖκες,
378 1463 437 1531 05
462 1470 580 1532 ναῦται
605 1466 661 1532 καὶ
687 1460 822 1532 ἄλλο’
797 1465 830 1532 εί
857 1492 892 1534 τι
913 1460 1049 1553 ήδιστον
1075 1464 1251 1553 κτημάτων

212 1561 381 1634 ἁπάντων.
607 1618 609 1623 <

263 1683 351 1738 EAM.
386 1670 546 1754 Λέληθας
564 1665 702 1736 σεαυτὸν
720 1669 802 1753 ἔχων
820 1669 853 1738 ἐν
870 1698 910 1760 τῃ
896 1673 992 1758 νηί.

262 1785 390 1840 AAEIM.
430 1769 492 1837 Τὸν
513 1772 622 1839 παῖδα
647 1769 726 1897 φής,
757 1764 784 1839 ω
805 1773 982 1859 Σάμιππε,
1010 1771 1068 1840 τὸν
1088 1771 1250 1860 κομήτην,·

210 1870 358 1953 κάκεῖνος
376 1863 433 1941 οὖν
451 1873 536 1940 ἐ’στω
556 1872 698 1959 ἐμός.
681 1876 810 1956 απόσος
828 1873 902 1945 555
920 1873 1027 1967 πυρὸς
1041 1874 1134 1943 >ε’νδον
1149 1873 1246 1958 ἐστὶν,

212 1965 309 2055 οὗτος
332 1972 350 2042 5
374 1972 567 2062 άριδμὸς”
545 2003 636 2058 απας
654 1977 790 2067 χρυσίον
812 1978 976 2066 ἐπίσημον
996 1981 1162 2101 γενέσθω,
1190 2001 1247 2045 το-

212 2084 328 2146 συῦτοι
346 2079 503 2166 δαρεικοί.

160 2201 193 2252 19
261 2196 376 2252 ΛΥΚ.
376 2188 435 2249 Τί
460 2189 572 2266 τοῦτο,
601 2209 628 2250 ω
615 2175 854 2270 Ἀδείμαντος
880 2184 1104 2252 καταδύσεταί
1126 2206 1183 2252 σοι
1206 2178 1246 2250 τὸ

210 2287 345 2354 πλοῖον
365 2282 403 2352 05
421 2284 484 2410 γάρ
502 2287 577 2355 ίσον
593 2288 699 2376 βάρος
715 2293 825 2377 πυροῦ
842 2313 898 2355 και
886 2287 1099 2377 ἰσαρίθμου
1112 2294 1247 2376 χρυσοῦ.

262 2403 389 2459 ΑΔΕΙΜ.
432 2386 486 2476 M5
514 2389 653 2478 φθόνει,
682 2380 710 2455 ὦ
735 2402 870 2472 Λυκῖνε,
898 2386 967 2457 555²
989 2388 1124 2458 ἐπειδάν
1150 2389 1183 2470 ίς
1208 2390 1249 2458 οδ

209 2486 410 2580 περιέλθῃ
391 2518 411 2578 5
430 2487 521 2579 εὐχή,
541 2490 599 2579 τὴν
616 2491 783 2617 Πάρνηθα
801 2491 867 2560 ίκεί
853 2498 945 2581 ί,νην
937 2492 982 2560 εί
1000 2476 1142 2574 ἐθέλεις,
1167 2487 1247 2582 5550

206 2599 329 2683 χρυσῆν
347 2593 495 2682 ποιήσας
513 2592 574 2676 550,
594 2590 683 2679 κάμω
703 2595 921 2684 σιωπήσομαί
937 2619 1003 2664 σοι.
1388 2640 1389 2689 1

144 2772 153 2794 N
260 2712 346 2767 ΛΥΚ.
379 2693 458 2764 A55²
469 2692 554 2819 5555
573 2691 759 2784 ἀσφαλείας
776 2704 875 2766 τοῦτο
894 2701 994 2786 εμωνε
1005 2723 1065 2788 τῆς
1078 2705 1138 2787 σῆς
1152 2697 1249 2767 ίποι-
1348 2691 1353 2701 ’

209 2798 353 2925 ησάμήν,
384 2825 430 2878 ως
450 2796 496 2888 μή
520 2794 758 2869 οἰπολίσδαι(7
735 2825 885 2880 απαντας
900 2799 1023 2972 μετὰὁ
1017 2807 1077 2870 τοῦ
1097 2807 1248 2890 χρυσίου.

208 2905 264 2969 καὶ
285 2899 327 2977 τὰ
348 2903 408 2988 μὲν
430 2897 572 2990 ήμάεερα
592 2908 725 2993 μέτρια,
748 2902 786 2972 τὸ
808 2904 1039 2994 μειράκιονδδ
1060 2902 1099 2972 τὸ
1123 2901 1248 3005 ωραῖυν

104 2998 116 3019 ’
209 3001 475 3092 ἀποπνιγήσεται
493 3000 624 3088 άδλιον,
644 3019 710 3076 νεῖν
729 3000 788 3074 οὒκ
806 3005 1036 3132 ἐπιστάμενρν.

259 3122 337 3177 TIM
375 3107 507 3198 θάρρει,
532 3099 560 3175 ὦ
582 3120 718 3179 Λυκῖνε·
742 3109 776 3178 05
798 3109 1006 3199 δελφῖνες
970 3136 1032 3201 γαρ
1056 3107 1138 3179 αὐτὸ
1160 3109 1248 3180 ὕπο-

209 3208 320 3290 δάντες
338 3209 522 3292 ἐξοίσουσιν
541 3210 649 3280 ἐπὶ
615 3239 673 3301 τήν
690 3220 758 3302 γῆν.
786 3241 806 3302 5
791 3209 968 3299 νομίζεις
981 3212 1174 3304 κιθαρῳδὸν
1186 3220 1247 3300 μέν

205 3338 279 3380 τινα
298 3320 450 3402 σωθῆναι
468 3312 546 3404 παρ’
558 3312 666 3383 αὐτῶν
682 3318 738 3383 καί
756 3314 940 3402 ἀπολαβεῖν
960 3317 1018 3385 τὸν
1030 3315 1158 3402 μισθὸν
1172 3314 1247 3386 άντλ

205 3420 265 3501 τῆς
286 3413 373 3504 ᾠδῆς
395 3420 451 3484 καλ
468 3418 580 3508 νεκρόν
596 3445 632 3487 τι
649 3415 729 3485 5550
748 3420 885 3488 παιδίον
908 3418 942 3500 ἒς
959 3417 1016 3488 τὸν
1030 3416 1245 3506 Ἰσθμὸνάπὶ

101 3553 103 3558 ·
207 3516 395 3606 δελφῖνος
378 3526 503 3604 ομοίως
515 3528 796 3646 προκομισθῆναι,
815 3521 872 3591 τὸν
887 3525 922 3591 δὲ
932 3520 1142 3609 Αδειμάντου
1158 3523 1246 3594 0555-

205 3645 263 3707 τῆν
280 3618 337 3688 τὸν
354 3623 512 3735 νεώνητον
529 3620 713 3748 άπορήσειν
731 3626 885 3715 δελφῖνος
903 3625 1079 3716 δρωτικοῦς

256 3712 384 3795 AAEIM
419 3722 538 3793 Καὶ
504 3750 543 3793 συ
560 3720 637 3815 γάρ,
661 3728 817 3813 Τιμόλαε,
836 3736 919 3821 μιμῆ
936 3742 1078 3800 Λυκῖνον
1095 3734 1151 3799 καλ
1168 3729 1244 3799 ίπι-

204 3839 335 3951 μετρεῖς
364 3834 430 3896 τῶν
461 3830 692 3915 σκωμμάτων,
718 3836 774 3902 καὶ
804 3840 907 3902 ταῦτα
939 3832 1110 3924 εἰσηγητής
1141 3831 1244 3915 αὐτὸς

205 3930 395 4017 γενόμενος,

154 4052 188 4102 20
257 4049 335 4106 TIM
372 4031 515 4120 Ἄμεινον
537 4039 575 4127 ῆν
597 4040 829 4135 πιθανώτερον
852 4037 933 4110 5505
958 4054 1069 4111 ποιεῖν
1091 4048 1148 4111 καί
1167 4068 1241 4113 τινα
