2782 4574
233 208 301 282 126
621 220 881 280 εοεκῐευοτ
905 168 909 171 ’

233 333 271 398 αἳ
292 320 514 417 όνύβρίσωσί
531 353 567 395 τι
589 325 623 408 ές
643 326 702 416 τὴν
724 325 834 417 ἀρχήν.
879 322 1035 396 ἁπάντων
1058 327 1095 396 δλ
1120 329 1271 413 μάλιστα

231 433 357 501 Κυδίαν
377 429 436 499 τὸν
457 431 620 499 πλούσιον
640 431 893 517 μετελεύσομαι,
923 429 961 510 ὃς
982 426 1106 521 όμορος
1130 430 1194 521 ἤδη
1222 430 1270 503 τόν

230 526 292 621 μοι
309 533 428 616 έξέωσε
445 539 506 601 τού
524 530 642 624 ἅμρού,
668 533 849 620 ἐπιβαίνων
866 530 937 601 κατ’
949 530 1112 621 &umbe
1128 534 1167 603 τὸ
1186 537 1268 605 εἴσω

231 642 297 705 τῶν
317 632 413 727 ὅρων.
608 696 609 699 ¹
1047 636 1050 641 ’

56 814 63 821 ,
170 760 213 812 ’σε
284 755 368 811 ΛΥΚ.
403 744 564 808 Πέπαυσο
582 735 659 827 ἤδη,
685 730 908 824 ώΣάμιππε·
930 737 1047 829 καιρὸς
1068 737 1130 828 μὰρ
1149 741 1188 808 σί
1204 736 1270 831 ἤδη

228 842 289 928 μέν
313 842 502 931 νενικηκότα
528 842 722 931 τηλικαύτην
747 843 853 931 μάχην
879 842 912 910 ἐν
933 845 1108 926 Βαβυλῶνι
1134 840 1270 927 εύιοχεῖ-

232 951 318 1013 σθαι
335 944 377 1013 τά
396 946 543 1014 ἐπινίκια
560 985 603 997 -
622 945 795 1026 ἐκστάδιος
811 943 873 1033 γάρ
889 942 989 1030 οἶμαί
1011 931 1104 1032 σοίῆ
1123 943 1205 1036 ἀρχή
1223 984 1270 999 -·-

233 1048 398 1133 Τιμόλαον
416 1050 453 1116 δὲ
471 1048 504 1117 ἓν
521 1055 568 1137 τῷ
586 1054 680 1136 μέρει
698 1036 859 1132 εύχεσθαι
877 1045 961 1138 όπιρ
980 1045 1020 1116 ἂν
1038 1047 1148 1138 ἐθέλῃ.

283 1166 371 1223 ΣΑΜ.
409 1156 449 1218 Τί
466 1148 497 1220 δ’
510 1142 576 1233 οὗν,
598 1142 625 1218 ὦ
642 1162 779 1236 Λυκῖνες
798 1149 854 1219 οἶά
874 1176 929 1220 σοι
945 1149 1095 1240 ᾐτῆσθαι
1113 1153 1219 1235 δοκοῖ,·

280 1269 365 1324 ΛΥΚ.
400 1252 498 1342 Παρὰ
520 1246 678 1338 πολύ,ὦ
701 1254 964 1339 θαυμασιώτατε
989 1257 1161 1339 βασιλέων,
1190 1255 1270 1325 έπι·

228 1357 403 1445 ποκιάτερα
421 1360 477 1423 καὶ
493 1357 667 1446 βιαιότερα
679 1364 746 1426 τῶν
756 1355 975 1442 Ἀδειμάντου,
994 1353 1073 1444 παρ’
1085 1352 1164 1426 δ’σον
1182 1356 1268 1427 έκεῖ-

171 1503 174 1523 .
228 1484 285 1539 νος
309 1461 368 1545 μὲν
395 1458 522 1548 ἐτρύφα
549 1462 728 1528 διτάλαντα
750 1467 857 1550 χρυσᾶ
880 1459 1062 1545 δκπώματα
1088 1467 1266 1547 προπίνων

228 1575 300 1641 τοῖς
327 1563 529 1646 συμπόταις,
559 1561 598 1632 σὺ
627 1565 663 1659 δὲ
688 1567 744 1629 καὶ
767 1563 965 1652 ἐτιτρώσκου
985 1570 1183 1652 μονομαχῶν
1208 1568 1268 1633 καὶ

166 1678 170 1687 ‘
230 1663 368 1743 έδεδίεις
385 1667 440 1731 καὶ
459 1664 648 1753 ἐφρόντιζες
661 1666 785 1755 νύκτωρ
798 1669 854 1732 καὶ
866 1663 943 1751 μεθ’
954 1662 1091 1753 ἡμέραν·
1111 1663 1149 1734 ού
1164 1668 1267 1751 μόνον
1284 1726 1292 1737 .

227 1767 291 1855 γάρ
310 1790 365 1833 σοι
382 1765 424 1833 τὰ
442 1765 615 1855 παρὰτιύν
628 1771 797 1852 πολεμίων
812 1756 940 1857 φοβερὰ
953 1759 1000 1856 ἦν,
1022 1766 1105 1836 ἀλλὰ
1120 1773 1176 1836 καί
1190 1768 1267 1838 ἐπι-

179 1927 181 1931 ,
226 1871 348 1954 βουλαὶ
364 1875 481 1957 μυρίαι
498 1872 554 1937 καί
573 1872 704 1959 φθόνος
721 1869 815 1962 παρὰ
832 1878 898 1964 τῶν
916 1871 1079 1939 συνόντων
1096 1874 1152 1940 καὶ
1164 1886 1267 1958 μῖσος
1388 1960 1389 1963 ¹

220 1970 283 2038 ’καὶ
300 1975 462 2053 κολακεία,
483 1976 581 2061 φίλος
599 1975 635 2041 δὲ
654 1971 762 2054 οὐδεὶς
776 1970 914 2061 ἀληθὴς,
935 1970 1019 2040 ἀλλὰ
1033 1972 1119 2060 πρὸς
1131 1972 1170 2069 τὸ
1188 1977 1267 2055 δέος

230 2069 375 2153 άπαντες
392 2071 414 2162 ἢ
432 2074 518 2161 πρὸς
536 2075 593 2163 τὴν
612 2076 732 2145 ἐλπίδα
751 2067 842 2143 εύνοι
860 2077 1029 2155 δοκοῦντες
1047 2073 1141 2144 εἶναι.
1175 2075 1264 2146 άπό-
1388 2120 1389 2173 ι

119 2167 122 2176 ’
227 2179 344 2258 λαυσις
360 2183 420 2263 μέν
437 2204 474 2266 με
493 2176 570 2246 ούδὲ
588 2177 668 2268 όναρ
686 2186 752 2246 τῶν
765 2176 879 2267 ἡδέων,
900 2176 984 2245 ἀλλὰ
999 2178 1081 2260 δόξα
1092 2180 1192 2264 μόνον
1207 2184 1264 2248 καλ

227 2267 396 2370 πορφύρὶς
415 2289 528 2371 χρυσῷ
550 2286 684 2370 ποικίλη
708 2285 764 2349 καὶ
785 2288 896 2350 ταινία
918 2278 1012 2368 λευκὴ
1035 2284 1114 2369 περὶ
1135 2290 1183 2372 τῷ
1203 2308 1265 2369 με-

224 2385 330 2470 τώπῳ
348 2386 405 2461 καὶ
419 2386 603 2474 δορυφόροι
617 2384 800 2473 προϊόντες,
819 2383 862 2452 τὰ
876 2383 907 2452 δ’
919 2381 1003 2451 ἄλλα
1015 2384 1161 2469 κάματος
1173 2382 1265 2472 άφό-

227 2511 326 2574 ρητος
343 2489 399 2553 καὶ
416 2484 517 2574 ἀηδία
534 2485 640 2576 πολλὴ
644 2540 655 2570 ,
673 2491 730 2555 καὶ
747 2484 767 2576 ἢ
784 2489 992 2577 χρηματίζειν
1011 2488 1064 2555 δεῖ
1079 2499 1149 2566 τοῖς
1165 2483 1262 2576 παρὰ
1387 2570 1388 2573 ¹

224 2594 291 2655 τῶν
316 2590 485 2673 πολεμίων
511 2585 644 2677 ἥκουσιν
669 2586 692 2678 ἢ
719 2592 860 2673 δικάζειν
886 2589 908 2679 ἢ
934 2595 1163 2676 καταπέμπειν
1188 2601 1265 2670 τοῖς
1387 2584 1388 2623 ³

224 2688 386 2779 ύπηκόσις
405 2690 624 2779 ἐπιτάγματα.
650 2697 705 2761 καί
723 2690 798 2781 ἤτοι
812 2691 978 2783 άφέστηκέ
990 2721 1023 2762 τι
1038 2693 1136 2775 ἐ’θνος
1149 2689 1171 2782 ἢ
1184 2690 1265 2761 ἒπε-

224 2795 383 2863 λαύνουσί
394 2820 480 2875 τινες
492 2802 558 2863 τῶν
572 2795 633 2878 ἔξω
646 2804 707 2885 τῆς
720 2793 829 2887 όιρχῆς.
858 2799 1001 2866 δεδιέναι
1016 2787 1072 2865 σύν
1087 2798 1139 2865 δεῖ
1150 2797 1262 2866 πάντα

224 2900 280 2964 καλ
305 2896 516 2988 ὑφορᾶσθαι,
544 2904 600 2968 καὶ
626 2896 712 2979 ὅλως
738 2896 805 2967 ὑπὸ
832 2901 966 2968 πάντων
992 2902 1118 2987 μᾶλλον
1143 2896 1165 2987 ἢ
1191 2897 1264 2968 ὑπὸ

171 3022 207 3072 40
225 3007 364 3069 σεαυτοῦ
383 2998 683 3088 εύδαιμονίζεσθαι.
720 3006 775 3071 καὶ
792 3001 854 3092 μὰρ
873 2994 930 3072 οὖν
947 3007 1003 3072 καὶ
1023 3003 1101 3072 τόδε
1124 3009 1199 3082 πῶς
1217 2999 1260 3070 ού
1386 3046 1387 3049 =

223 3096 392 3187 ταπεινὸν,
410 3099 475 3177 ,ότι
495 3109 552 3173 καί
572 3120 681 3199 νοσεῖς
702 3104 744 3174 τδι
767 3102 868 3193 ὅμοια
889 3120 961 3187 τοῖς
984 3106 1135 3186 ἰδιώταις
1161 3108 1216 3172 καλ
1239 3101 1260 3172 δ
1311 3180 1324 3187 -
1386 3174 1387 3203 η

222 3206 365 3295 πυρετὸς
378 3205 415 3277 ού
430 3209 658 3297 διαγιγνώσκει
675 3236 713 3279 σε
729 3214 870 3296 βασιλέα
884 3206 971 3291 όντα,
988 3206 1091 3278 σύδό
1110 3209 1264 3289 θάνατος
1386 3206 1387 3215 ’

108 3382 113 3391 ,
220 3312 312 3403 5366oe
329 3311 406 3391 τούς
425 3313 640 3401 δορυφόρους,
659 3310 730 3381 ἀλλ’
742 3312 890 3395 ἐπιστὰς,
912 3312 1038 3382 ὁπόταν
1057 3309 1148 3401 αύτῷ
1167 3313 1258 3402 δοκῇ,

223 3409 297 3499 άχει
314 3404 499 3499 οἰμώζοντα
517 3413 575 3483 ούκ
592 3416 787 3500 αἰδούμενος
804 3417 842 3485 τὸ
861 3417 1024 3505 διάδημα,·
1047 3414 1088 3485 σύ
1108 3418 1144 3485 δέ
1162 3413 1180 3485 ό
1200 3411 1261 3485 ού-

221 3540 288 3595 τως
300 3512 430 3604 ύφηλδς
441 3515 637 3586 καταπεσὼν
647 3515 860 3599 άνασπαστδς
870 3518 904 3586 ἐκ
917 3528 977 3588 τοῦ
989 3522 1161 3606 βασιλείου
1172 3520 1261 3609 θρό·

221 3644 278 3688 νου
296 3617 355 3707 τὴν
373 3617 472 3708 αὐτὴν
491 3618 569 3689 ὁδὸν
587 3617 669 3690 άπει
685 3634 757 3702 τοῖς
774 3625 926 3706 πολλοῖς,
952 3622 1105 3707 ἰσότιμος
1123 3621 1259 3691 ἐλαυνό-

221 3747 319 3808 μενος
341 3722 374 3793 &v
396 3730 435 3814 τῇ
459 3722 557 3815 άχέλη
578 3731 645 3795 τῶν
666 3733 798 3814 νεκριῦν,
821 3732 919 3812 χιύμα
940 3723 1071 3815 ύφηλὸν
1092 3722 1177 3814 ύπὲρ
1197 3731 1260 3812 γῆς

188 3862 191 3877 ·
221 3830 278 3893 καὶ
299 3828 419 3917 στήλην
439 3827 564 3919 μακράν
590 3827 612 3919 ἢ
637 3830 810 3918 πυραμίδα
837 3827 1024 3919 εύγραμμον
1050 3826 1111 3909 τάς
1134 3831 1258 3915 γωνίας
1384 3844 1385 3873 ¹

223 3925 409 4013 ἀπολιπὼν,
430 3917 646 4020 ἐκπρόθεσμα
662 3937 719 4000 καὶ
737 3930 971 4022 ἀνεπαίσθητα
989 3932 1258 4024 φιλοτιμήματα·

222 4031 343 4114 εἰκόνες
362 4036 398 4103 δέ
416 4036 536 4105 ἐκεῖναι
552 4040 608 4104 καὶ
625 4034 697 4125 νεῲ,
717 4035 774 4117 οὓς
788 4034 958 4107 άνιστᾶσιν
971 4037 1008 4105 αἱ
1020 4038 1137 4116 πόλεις
1150 4040 1258 4125 θερα-
1384 4044 1385 4049 ’
