2782 4574
301 175 410 233 υκαι.
436 176 654 232 ιιυυειαοε
674 175 904 235 σεκαυιου
925 178 1012 234 ι-ι.
1114 165 1180 234 105

138 284 184 353 εδδ
203 279 252 371 μὴ
272 281 423 360 τοιοῦτός
445 279 516 348 ἐστι
537 278 693 369 δικαστὴς
717 278 804 370 πρὸς
828 278 885 350 τὸν
907 279 993 363 υλδν,
1021 279 1060 350 οδ
1088 283 1182 353 δοκεῖ

140 410 207 471 μοι
222 383 350 473 πατρὸς
369 380 568 471 ὀφθαλμοὺς
585 382 678 466 ἔχειν.

197 487 364 575 Πατρίδος
375 491 484 554 τοίνυν
496 482 536 553 τὸ
551 481 656 569 ὄνομα
669 491 802 572 πρῶτον
815 489 871 553 καὶ
879 485 1082 557 οἰκειότατον
1094 489 1181 559 πάν-
1196 510 1217 562 ε
1303 546 1307 551 .

141 608 229 679 τωνῇ
244 584 410 677 οὐδὲνγὰρ
423 584 484 655 ότι
492 593 551 656 τοῦ
560 586 688 675 πατρὸς
702 588 910 676 οἰκειότερον.
938 590 969 657 εἰ
982 591 1021 658 δέ
1031 616 1084 670 τις
1093 588 1181 660 άπυ·

145 696 292 777 νέμειτρῑ
301 687 471 779 πατρὶτὴν
485 690 614 758 δικαίαν
626 689 731 778 τιμὴν,
747 687 861 780 ὥσπερ
874 695 931 760 καλ
944 689 963 760 ό
976 693 1078 778 νόμος
1090 698 1145 761 καὶ
1157 691 1178 782 ἦ

145 795 249 883 φύσις
261 793 397 872 κελεύει,
415 793 649 879 προσηκόντως
666 789 707 861 δν
722 792 781 880 τὴν
799 797 946 884 πατρίδα
958 795 1180 883 προτιμήσαι·

145 899 202 965 καὶ
218 894 282 984 γὰρ
295 892 314 962 δ
328 893 437 983 πατὴρ
452 891 551 974 αότδς
562 902 621 982 τῆς
632 897 795 985 πατρίδος
812 898 918 985 κτῆμα
930 900 986 965 καὶ
1004 894 1023 965 δ
1040 904 1099 965 τοῦ
1113 922 1182 966 παι

144 995 224 1085 τρδς
238 994 348 1085 πατὴρ
366 1000 421 1065 καὶ
435 997 467 1063 οἱ
480 996 515 1064 ἐκ
527 999 653 1067 τούτων
667 999 785 1066 οἰκεῖοι
801 1000 924 1080 πάντες
942 997 1105 1089 ἀνωτέρω,
1124 1001 1180 1069 καὶ

146 1105 245 1186 μέχρι
260 1106 353 1167 θεῶν
369 1099 534 1186 πατρῴων
546 1100 699 1188 πρόεισιν
712 1098 989 1187 ἀναβιβαζόμενον
1006 1101 1044 1171 τὸ
1064 1097 1180 1185 δνομα.

145 1208 302 1304 χαίρουσι
312 1204 368 1269 καὶ
380 1204 459 1269 θεοὶ
472 1207 621 1289 πατρίσι,
642 1205 698 1269 καὶ
711 1204 821 1272 πάντα
834 1206 902 1288 μὲν,
923 1201 969 1284 ιδς
987 1203 1082 1287 εἰκὸς,
1102 1202 1182 1292 έφο·
1200 1225 1217 1275 ο

145 1312 234 1394 ρῶσι
253 1302 297 1373 τὰ
317 1310 383 1377 τῶν
406 1300 597 1392 ἀνθρώπων
619 1301 728 1372 αότῶν
749 1302 923 1392 ἡγεόμενοι
944 1300 1092 1393 κτήματα
1114 1311 1182 1389 πότ’

146 1431 209 1477 σαν
225 1413 284 1495 γῆν
301 1407 554 1489 καλθάλατταν,
574 1403 625 1493 ἐφ’
645 1397 684 1494 ἧς
707 1408 743 1475 δὲ
760 1407 896 1488 ἕκαστος
918 1406 1026 1476 αὐτῶν
1043 1407 1179 1493 δγένετο,

146 1514 298 1597 προτιμᾷ
322 1515 388 1577 τῶν
410 1504 518 1599 ἄλλων
540 1506 681 1578 ἁπασῶν
702 1511 844 1579 πόλεων.
883 1513 939 1577 καὶ
960 1510 1077 1600 πόλεις
1103 1532 1183 1592 σεμο

145 1613 280 1700 νότεραι
303 1616 396 1679 θεῶν
422 1612 580 1700 πατρίδες
606 1614 662 1679 καὶ
686 1619 782 1700 νῆσοι
806 1614 994 1702 θειότεραι,
1026 1607 1104 1700 παρ’
1130 1609 1184 1689 αῖς

146 1710 298 1799 δμνεῖται
327 1718 452 1800 γένεσις
477 1719 578 1782 θεῶν.
625 1712 697 1799 λερδι
726 1721 804 1800 γοῦν
834 1720 1049 1801 κεχαρισμένα
1079 1719 1184 1781 ταῦτα

147 1815 316 1899 νομίζεται
336 1827 408 1893 τοῖς
429 1821 538 1896 θεοῖς,
568 1815 703 1887 έπειδδν
725 1816 759 1898 ἐς
780 1816 859 1897 τοὺς
885 1818 1025 1897 οἰκείους
1048 1816 1184 1897 ἕκαστος

146 1914 349 2005 ἀφικόμενος
362 1916 526 2006 Δἱερουργῇ.
543 1918 680 1997 τόπους.
717 1918 747 1987 εἰ
770 1919 806 1987 δὲ
827 1925 924 1998 θεοῖς
940 1926 1051 2004 τίμιον
1067 1915 1106 1985 τὸ
1124 1923 1183 2003 τῆς

148 2019 313 2106 πατρίδος
335 2013 452 2102 ὄνομα,
475 2026 549 2108 πῶς
567 2017 627 2089 οὐκ
644 2018 841 2109 ἀνθρώποις
857 2045 894 2107 γε
910 2024 1025 2107 πολλῷ
1042 2021 1184 2104 μᾶλλυνς

144 2123 205 2195 ,καὶ
225 2119 288 2207 γὰρ
310 2117 377 2187 εἶδε
398 2120 455 2188 τὸν
476 2117 568 2209 ἥλιον
590 2129 724 2210 πρῶτον
742 2122 878 2201 ἕκαστος
896 2120 965 2191 άπὸ
987 2128 1046 2208 τῆς
1063 2126 1184 2208 πατρί-
1201 2140 1218 2191 6

147 2224 223 2304 δος,
250 2218 296 2302 ιδς
317 2226 373 2290 καί
393 2230 510 2290 τοῦτον
531 2222 705 2304 τὸνθεόν,
730 2224 761 2290 εἰ
782 2227 838 2290 καὶ
859 2224 968 2302 κοινός
990 2222 1087 2301 ἐστιν,
1111 2217 1180 2289 ἀλλ’

151 2315 210 2394 σόν
231 2323 356 2412 ἑκάστῳ
379 2314 578 2409 νομίζεσθαι
601 2332 757 2412 πατρῷον
784 2323 841 2393 διὰ
866 2323 924 2413 τὴν
951 2328 1086 2414 πρώτην
1113 2319 1183 2393 διεδ

149 2433 210 2496 τοῦ
230 2420 338 2497 τόπον
362 2432 460 2495 θέαν·
487 2431 543 2495 καὶ
566 2435 677 2517 φωνῆς
700 2427 845 2497 ἐνταῦθα
865 2426 1003 2515 ἤρξατο,
1022 2425 1186 2511 ἐπιχώρια

150 2535 271 2618 πρῶτα
287 2531 398 2597 λαλεῖν
414 2531 603 2614 μανθάνων,
622 2533 679 2598 καὶ
695 2529 798 2609 θεοὺς
817 2530 999 2617 ἐγνώρισα.
1032 2530 1062 2597 εἰ
1080 2530 1117 2596 δέ
1133 2552 1186 2608 τις

144 2631 307 2718 τοιαύτης
330 2631 422 2715 ἔλαχε
443 2634 619 2718 πατρίδος,
643 2629 689 2711 ὦς
711 2632 823 2719 ἑτέρας
845 2635 1005 2719 δεηθῆναι
1022 2630 1107 2717 πρὸς
1127 2628 1186 2716 τὴν

149 2740 216 2802 τῶν
237 2733 395 2818 μειζόνων
417 2735 586 2816 παιδείαν,
610 2731 678 2807 ἀλλ’
700 2726 756 2804 οὖν
779 2735 876 2818 έχέτω
899 2738 954 2803 καὶ
975 2735 1099 2803 τούτων
1121 2737 1186 2803 τῶν

148 2835 389 2920 παιδευμάτων
410 2843 450 2924 τῇ
472 2838 611 2926 πατρίδι
631 2836 688 2924 τὴν
707 2838 818 2926 χάριν·
846 2834 884 2905 οὗ
907 2834 969 2926 γὰρ
992 2831 1032 2903 δν
1055 2834 1187 2922 ἐγνώρι-

143 2934 304 3006 1σενοδδδ
325 2938 457 3014 πόλεως
479 2933 583 3023 όνομα
600 2937 644 3025 μὴ
664 2937 720 3007 διὰ
741 2937 799 3025 τὴν
809 2941 964 3026 πατρίδα
986 2939 1084 3008 πόλιν
1103 2933 1188 3005 εἶναι

143 3039 287 3126 μαθών.
330 3040 442 3108 ’πάντα
468 3041 518 3122 δὲ,
547 3038 654 3124 οἶμαι,
682 3042 894 3125 παιδεύματα
919 3043 975 3107 καὶ
1000 3040 1222 3127 μαθήμαται

151 3145 366 3230 συλλέγουσιν
389 3139 569 3231 ἅνθρωποι
589 3148 855 3229 χρησιμωτέρους
877 3140 997 3221 αὖτοὺς
1018 3138 1088 3208 άπὸ
1109 3140 1188 3207 τοό-
1279 3210 1284 3214 ,

150 3271 220 3313 των
236 3257 311 3325 ταῖς
328 3251 467 3334 πατρίσι
483 3244 796 3332 παρασκευάζοντες.
827 3249 969 3311 κτῶνται
987 3244 1022 3311 δὲ
1039 3243 1094 3307 καὶ
1109 3240 1190 3328 χρή.

151 3373 247 3433 ματα
271 3349 467 3436 φιλοτιμίας
493 3345 585 3414 ἕνεκα
609 3353 668 3435 τῆς
693 3345 728 3425 ές
753 3344 795 3413 τδι
821 3343 915 3413 κοινὰ
941 3351 999 3432 τῆς
1025 3343 1189 3431 πατρίδος

154 3450 387 3535 δαπανήματα.
414 3452 470 3515 καὶ
484 3448 626 3531 εἰκότως,
642 3447 750 3533 οἶμαι·
770 3449 822 3516 δεῖ
836 3446 898 3537 γὰρ
918 3445 976 3515 οὐκ
994 3444 1190 3532 ἀχαρίστους

154 3547 242 3620 εἶναι
258 3550 336 3631 τοὺς
352 3558 418 3620 τῶν
429 3558 591 3640 μεγίστων
608 3553 764 3634 τυχόντας
782 3547 983 3639 εὐεργεσιῶν,
1008 3544 1075 3617 ἄλλ’
1088 3548 1119 3615 ελ
1134 3548 1191 3615 καί

155 3666 230 3732 τοῖς
250 3651 328 3721 καθ’
350 3653 406 3721 ἕνα
431 3680 483 3734 τις
510 3651 671 3739 ἀπονέμει
693 3655 803 3742 χάριν,
831 3648 945 3739 ὥσπερ
969 3652 1039 3719 ἐστὶ
1065 3652 1191 3719 δίκαιον

156 3752 295 3825 ἐπειδὰν
314 3746 350 3822 εὖ
368 3756 468 3844 πάθῃ
485 3758 573 3845 πρός
589 3781 691 3837 τινος,
711 3754 797 3823 πολὺ
815 3757 939 3839 μᾶλλον
957 3751 1118 3838 προσήκει
1133 3749 1191 3837 τὴν

156 3859 307 3947 πατρίδα
323 3872 394 3938 τοῖς
410 3860 614 3947 καθήκουσιν
632 3856 843 3943 ἀμείβεσθαι.
866 3856 1041 3933 κακώσεως
1056 3851 1191 3941 μὲνγὰρ

148 3964 279 4053 γονέων
298 3961 364 4030 εἰσὶ
380 3963 479 4048 νόμοι
494 3959 587 4052 παρὰ
604 3974 679 4043 ταῖς
695 3960 828 4042 πόλεσι,
852 3954 959 4047 κοινὴν
977 3958 1014 4025 δὲ
1031 3955 1194 4047 προσήκω
