2792 4580
212 212 215 219 ⁴
289 233 380 289 Lxx.
405 234 646 290 ΕΠΙΣΤΟΛΑΙ
666 234 1015 291 mmmm-31.
1105 224 1169 290 199

137 334 247 426 ἢυίὸς
265 334 455 421 ἀκόλαστος,
474 336 495 427 ἢ
513 337 590 427 γυνή
604 346 664 407 τοῦ
683 340 809 406 οἰκέτου
822 338 947 431 έρεῦσα,
967 338 988 428 ἢ
1006 339 1172 429 ἐρώμενος

136 438 226 530 πρὸς
253 436 391 528 ἀνάγκην
416 443 541 526 μᾶλλον
562 437 584 528 ἢ
605 439 691 528 πρὸς
716 438 833 529 ἡδονήν
856 443 975 510 συνιόν·
1002 446 1058 511 καλ
1084 440 1171 524 ὅλως

137 542 248 610 πολλά
276 541 363 610 ἔστιν
391 538 477 631 άπερ
505 541 599 629 ὑμεῖς
625 541 816 630 ἀγνοοῦντες
841 543 898 612 τὸν
921 542 1043 631 χρυσὸν
1071 542 1171 636 δρᾶτε

136 641 247 712 αῦτιῦν
264 646 366 730 μόνον
383 648 439 712 καὶ
456 644 514 734 τήν
533 648 721 736 πορφύραν,
744 650 800 714 καὶ
821 644 860 735 ήν
882 647 975 733 ἰδητέ
996 673 1080 714 ποτε
1102 647 1171 729 ἰξε-

137 748 317 828 λαῦνοντας
335 747 391 815 ἐπὶ
409 751 524 816 λευκοῦ
544 750 686 837 ζεύγους,
705 750 858 836 κεχήνατε
870 752 925 815 καί
942 763 1169 835 προσκυνεῖτε.

137 846 170 917 εἰ
187 850 224 916 δέ
241 848 452 941 ῦπερεωράτε
470 849 578 919 αῦτιῦν
595 856 651 919 καλ
667 865 897 940 κατεφρονεῖτε
918 855 975 919 καὶ
991 853 1073 941 μήτε
1092 852 1171 921 ἒπε-

137 958 328 1040 στρέφεσθε
354 953 440 1041 πρὸς
466 954 524 1043 τήν
547 952 689 1044 ἀργυρᾶν
717 952 913 1042 ἁρμάμαξαν
938 955 1021 1042 μήτε
1046 953 1169 1039 μεταξῦ

138 1055 379 1141 διαλεγομένων
402 1056 435 1136 ές
456 1056 514 1125 τὸν
536 1057 570 1125 έν
590 1064 638 1145 τῷ
657 1058 819 1144 δακτυλίῳ
843 1057 1032 1146 σμάραγδον
1056 1055 1170 1147 ἀφεω-

137 1161 219 1244 ράτε
237 1161 293 1224 καὶ
314 1165 381 1226 τῶν
404 1160 542 1243 ἱματίων
564 1160 818 1248 παραπτόμενοι
839 1158 878 1227 τὸ
900 1158 1047 1243 μαλακὸν
1066 1160 1170 1227 ἐθαυ-

136 1259 271 1344 μάζετε,
292 1257 359 1326 ἀλλ’
377 1261 466 1329 εἰᾶτε
484 1260 561 1329 καθ’
574 1261 712 1342 ἑαυτοὺς
729 1265 894 1343 πλουτεῖν,
915 1252 951 1327 εῦ
969 1262 1054 1344 ἰστε,
1074 1261 1171 1330 αῦτολ
1272 1295 1277 1300 ·

137 1356 180 1429 ἀν
199 1358 347 1450 ἐφ’ῦμῦς
365 1363 470 1445 ἰόντες
489 1364 618 1432 ἐδέοντο
638 1366 852 1445 συνδειπνεῖν,
878 1360 924 1444 ιῦς
948 1363 1169 1444 ἰπιδείξαιντο

137 1459 216 1549 ὑμῖν
234 1453 421 1546 τὰς’κλίνας
438 1471 493 1536 καλ
510 1467 571 1547 τὰς
587 1468 753 1552 τραπέζας
770 1470 826 1533 καλ
842 1463 885 1533 τά
904 1464 1098 1550 έκπιόματα,
1124 1456 1170 1533 ὦν

138 1563 234 1635 οῦδέν
258 1564 393 1655 ὄφελος,
421 1563 452 1636 εἰ
479 1568 668 1658 ἀμάρτυρος
693 1567 712 1657 ή
740 1575 852 1657 κτήσις
879 1569 940 1656 ε’ίή.
985 1569 1028 1636 τά
1054 1573 1092 1655 γέ
1116 1593 1170 1637 τοι
1188 1589 1224 1639 ευ

136 1672 282 1737 πλεῖστα
305 1668 432 1760 εῦρυιτε
455 1670 495 1740 ἀν
518 1670 638 1752 αῦτοῦς
659 1669 750 1756 ῦμιῦν
773 1672 865 1739 ἕνεκα
886 1676 1082 1755 κτωμένους,
1112 1666 1171 1754 οῦχ

137 1767 234 1853 δ’πως
261 1771 360 1842 αῦτολ
383 1775 576 1864 χρήσονται,
610 1772 682 1842 ἀλλ’
703 1771 797 1854 ὅπως
827 1771 921 1859 ῦμεῖς
951 1774 1168 1858 θαυμάζοιτο.

136 1882 243 1943 ταῦτα
260 1872 347 1962 ῦμᾶς
364 1884 632 1964 παραμυθοῦμαι
650 1876 747 1957 εἰδὼς
764 1875 821 1945 τὸν
837 1883 911 1962 βίον
929 1875 1089 1964 ἑκάτερον,
1115 1879 1171 1943 καὶ
1261 1960 1267 1969 .

43 1988 47 1998 ’
137 1974 242 2059 ἀξιῶν
260 1976 424 2065 ἑορτάζειν
443 1979 708 2066 ἐνθυμουμένους
731 1976 784 2047 ὅτι
801 1976 870 2063 μετ’
887 1977 996 2065 ὀλίγον
1019 1975 1169 2058 ἅπαντας

138 2070 252 2168 δεήσει
279 2079 415 2158 ἀπιέναι
441 2081 476 2149 έκ
501 2089 561 2150 τοῦ
586 2088 662 2168 βίου
685 2080 852 2160 κάκείνους
868 2080 926 2148 τὸν
948 2083 1093 2149 πλοῦτον
1115 2083 1171 2147 καλ

136 2179 225 2267 ὑμᾶς
242 2181 299 2272 τήν
316 2190 431 2253 πενίαν
449 2181 603 2273 ἀφέντας.
639 2183 725 2270 πλὴν
743 2182 909 2250 έπιστελιῦ
925 2207 961 2268 γε
976 2178 1090 2259 αῦτοῖς
1104 2177 1171 2247 ιῦσ-

136 2310 204 2373 περ
223 2281 421 2375 ῦπεσχόμήν,
441 2290 496 2354 καί
513 2283 578 2355 οἶδ’
596 2282 649 2355 ότι
667 2283 724 2353 οῦκ
742 2282 982 2373 όλιγωρήσουσι
999 2290 1065 2350 τῶν
1083 2281 1171 2367 έμιῦν

137 2389 351 2477 γραμμάτων.

645 2505 669 2554 3.

192 2620 311 2664 muoz
326 2621 394 2663 νοικ
410 2620 570 2664 monlon
586 2620 718 2663 κκιευκν.
747 2594 785 2662 Οἱ
798 2598 933 2680 πένητες
947 2591 1078 2677 έναγχος
1093 2588 1171 2657 ἐπε·
1188 2608 1223 2659 ει

137 2698 302 2765 στάλκασί
313 2722 381 2781 μοι,
403 2696 595 2781 αἰτιώμενοι
607 2694 692 2783 ῦμάς
704 2694 749 2785 μή
767 2695 982 2781 μεταδιδόναι
995 2698 1110 2782 σφίσιν
1125 2682 1170 2759 ὧν

138 2800 242 2883 έχετε,
265 2802 321 2866 καί
336 2798 375 2867 τὸ
390 2800 456 2884 ,μὲν
475 2795 550 2868 ὅλον
568 2797 679 2888 ἠξίουν
701 2824 742 2884 με
764 2797 857 2868 κοινά
875 2803 962 2866 πάσι
983 2806 1094 2863 ποιεῖν
1111 2791 1173 2866 σά-

136 2900 234 2991 γαθά
251 2900 357 2969 καὶτὸ
371 2908 471 2991 μέρος
485 2902 619 2969 ἕκαστον
633 2898 741 2968 αῦτῶν
754 2900 852 2983 ἔχειν·
871 2900 998 2967 δίκαιον
1010 2896 1072 2986 γὰρ
1087 2893 1172 2964 είναι

140 3005 309 3090 ἰσοτιμίαν
327 3010 563 3093 καθεστηκέναι
581 3008 636 3071 καὶ
652 3002 698 3091 μή
711 3010 759 3091 τῷ
771 3004 830 3088 μὲν
844 3006 953 3084 πλέον,
972 3009 1020 3089 τῷ
1039 3003 1075 3068 δέ
1090 2998 1170 3089 μηδ’

138 3104 229 3187 δλως
245 3121 391 3193 μετεῖναι
409 3114 473 3175 τιῦν
491 3104 604 3194 ήδέων.
642 3104 704 3193 ίγώ
724 3107 760 3173 δέ
777 3108 856 3192 περὶ
872 3105 930 3188 μὲν
947 3104 1072 3171 τούτων
1091 3104 1172 3192 έφήν

139 3206 275 3295 άμεννον
294 3216 484 3297 σκέψεσθαι
501 3208 559 3277 τὸν
576 3214 655 3290 Δία,
679 3211 759 3297 περί
781 3208 817 3275 δὲ
834 3212 900 3274 τῶν
922 3201 1096 3294 παρόντων
1117 3205 1173 3270 καί

141 3303 189 3382 ὧν
217 3310 410 3382 ἀδικεῖσθαι
436 3310 539 3403 ᾤοντο
565 3309 649 3379 κατὰ
674 3308 731 3397 τήν
758 3306 871 3397 ἑορτήν
902 3306 1013 3395 ἑιόρων
1040 3302 1095 3372 ἐπ’
1116 3303 1174 3388 ἐμὲ

141 3417 356 3504 καθήκουσαν
380 3415 438 3505 τήν
464 3423 583 3503 κρίσιν,
616 3417 672 3480 καλ
701 3410 890 3498 ἀπεσχόμην
920 3410 1062 3535 γράψειν
1088 3404 1175 3494 πρὸς
1265 3454 1268 3459 ,

142 3517 239 3603 ῦμᾶς.
268 3518 339 3586 έστι
357 3515 433 3587 6λο
411 3545 497 3608 απερ
512 3517 762 3601 ἀξιοῦσιταῦτα
774 3520 901 3603 μέτρια,
922 3509 968 3593 ιῦς
983 3510 1172 3631 ἕμολέδοξε.
1234 3560 1238 3561 ⁷

136 3618 162 3646 ‘
164 3629 239 3727 πῶς
251 3620 332 3712 γάρξ
334 3620 480 3711 ’,(φασὶ
481 3619 659 3712 ῥιγοῦντες
672 3619 820 3745 τρσοότῳ
834 3617 925 3707 κρόει
937 3618 993 3682 καλ
1006 3611 1115 3700 λιμιμ
1102 3611 1175 3694 εχό-

142 3746 238 3811 μενοι
253 3729 392 3814 προσέτι
406 3719 708 3812 ἕορτάζσιμενΗ
628 3749 685 3790 αν
673 3774 682 3805 ,
729 3747 758 3788 ει
748 3721 882 3788 ’τοίνυν
897 3718 1050 3799 ἐθέλοιμι
1066 3711 1176 3780 κάκεί-

143 3852 221 3907 νους
241 3833 386 3913 μετέχειν
407 3833 465 3953 τής
491 3824 617 3912 ἑορτῆς,
646 3823 791 3891 ἐκέλευόν
817 3846 859 3905 με
885 3817 1067 3905 ἀναγκάσαι
1088 3813 1175 3900 ὑμᾶς

145 3929 298 4019 ἐσθήτων
316 3955 352 3997 τε
370 3920 415 3996 ὦν
433 3927 520 4011 ἐ’χετε
537 3926 736 4011 μεταδοῦναι
754 3919 880 4003 αῦτυῖς,
905 3921 938 3988 εί
952 3944 1038 3996 τινες
1059 3943 1174 4004 περιτ·

142 4035 203 4102 ταί
219 4034 276 4101 καί
296 4032 479 4128 παχῦτεραι
500 4058 520 4119 ιγ
505 4024 652 4096 mna&
634 4033 733 4114 υμᾶς,
755 4028 812 4094 καλ
832 4030 891 4093 τοῦ
906 4028 1005 4113 χρυσέ
1005 4047 1042 4093 ου
1066 4017 1175 4109 ὀλίγον
