2748 4572
1 4 159 16 ---ιν--
172 3 212 8 *W
239 3 249 6 '⁷
265 3 270 6 ’
282 3 320 6 fl*-
331 3 364 8 *ss
382 3 410 8 “-

364 239 428 295 LII.
455 237 740 295 ΦΙΛΟΨΕΥΔΗΣ
761 172 882 294 35-ἐί8.
1098 224 1139 290 31
1248 238 1252 243 “

93 348 178 418 ἴσθι
195 336 303 424 αὖθις
315 339 479 433 ὑπερυν·”
498 343 539 412 τὸ
552 344 589 412 δὲ
603 341 713 412 ούκέτι
723 369 791 429 μοι.
801 348 992 412 πείθεσθαι
1008 340 1139 432 ήθελεν,

98 446 172 519 ἀλλ’
188 445 375 537 ὑδροφόρει
397 443 463 529 ἀεὶ,
487 444 562 536 ἀχρι
586 443 626 536 δή
647 446 824 535 ἐνέπλησα
844 441 923 536 ὑμῖν
943 440 1065 525 ὑδατός
1081 445 1140 534 τήν

98 553 210 622 οίκίαυ
227 550 420 619 ἐπαντλοῦν.
448 547 512 637 ἐγὼ
531 551 568 617 δέ
581 547 755 637 ἀμηχανῶν
767 554 816 636 τῷ
828 548 1000 637 πράγματι
1013 587 1055 601 -
1069 546 1141 616 ἐδί-

96 659 185 725 δίειν
203 652 266 742 γὰρ
284 652 330 742 μή
349 650 367 721 ὑ
386 653 580 742 Παγκράτης
598 650 793 721 ἐπανελθὼν
811 648 1031 742 ἀγανακτήσῃ,
1056 646 1141 741 ὅπερ

98 762 156 828 καί
175 757 303 844 ἐγένετο
323 792 364 805 -
383 753 493 843 ἀξίνην
511 753 621 840 λαβὼν
639 755 811 824 διακόπτω
830 753 869 823 τὸ
887 750 1011 843 ὑπερον
1030 753 1063 835 ἐς
1080 754 1140 822 δύο

100 858 262 951 μέρη·τά
281 860 326 939 δέ,
346 857 499 945 ἑκάτερον
516 856 554 925 τὸ
568 864 677 945 μέρος,
698 855 871 947 ἀμφορέας
884 858 1028 943 λαβόντα
1041 850 1141 949 ὑδρο-

101 967 206 1056 φόρει
231 966 286 1029 καί
314 958 394 1029 ἀνθ’
414 958 486 1041 ἐνὸς
514 961 575 1028 δύο
599 987 659 1046 μοι
689 960 834 1049 ἐγένοντο
865 958 1061 1050 ὑδροφόροι.
1107 959 1140 1028 ἐν

101 1068 211 1154 τούτῳ
233 1068 291 1133 καὶ
313 1059 332 1133 ό
355 1065 549 1151 Παγκράτης
571 1062 751 1153 ἐφίσταται
771 1067 827 1131 καί
854 1067 966 1144 συνεὶς.
986 1062 1026 1132 τὸ
1048 1064 1141 1151 γενύ-

103 1194 201 1255 μενυν
221 1168 328 1236 ἐκεῖνα
345 1168 404 1252 μέν
422 1159 524 1246 αὖθις
543 1166 680 1255 ἐποίησε
698 1168 787 1249 ξύλα,
809 1163 923 1253 ῶσπερ
940 1158 979 1253 ήν
996 1164 1064 1254 πρὸ
1081 1173 1141 1256 τής

104 1273 247 1360 ἐπῳδῆς,
264 1267 364 1349 αὑτὸς
380 1270 416 1337 δέ
430 1267 608 1339 ἀπολιπών
621 1296 663 1355 με
676 1268 793 1337 λαθῶν
808 1267 867 1338 υύκ
881 1266 947 1337 οἶδ’
960 1265 1041 1338 όπυι
1051 1265 1143 1359 ἀφα-

103 1374 160 1464 νής
178 1371 284 1462 ᾤχετο
299 1368 440 1440 ἀπιών.”
465 1369 544 1440 “νύν
562 1363 649 1455 οὑν,”
670 1372 734 1462 ἐφη
748 1370 766 1441 ὑ
781 1373 993 1457 Δεινόμαχος,
1008 1368 1142 1441 “elwa

103 1475 164 1546 κάν
182 1477 301 1556 ἐκεῖνο,
322 1471 505 1564 ἀνθρωπον
521 1489 633 1545 ποιεῖν
651 1474 687 1544 ἐκ
703 1482 763 1543 τού
780 1472 948 1564 ὑπέρου,·”
969 1471 1032 1562 “uh
1051 1470 1139 1555 Δί’,”

103 1573 174 1671 ἧδ’
187 1580 241 1661 ὃς,
262 1576 325 1661 “lg
340 1574 492 1666 ἡμισείας
509 1599 561 1667 γε·
584 1576 694 1647 υύκέτι
714 1576 777 1669 γάρ
800 1577 835 1659 ἐς
850 1577 889 1645 τὸ
914 1574 1051 1664 ἀρχαῖον
1069 1575 1142 1647 οἶόν
1183 1602 1187 1612 ·
1251 1613 1265 1635 ·

102 1690 141 1752 τέ
165 1710 226 1768 μοι
253 1679 343 1769 ἀγειν
369 1677 465 1762 αύτὸ,
492 1678 531 1769 ἣν
550 1676 645 1763 άπαξ
667 1687 800 1770 γένηται
825 1678 1027 1771 ὑδροφόρος,
1057 1677 1142 1749 ἀλλὰ

2 1820 3 1879 3
104 1787 218 1875 δεήσει
235 1783 314 1874 ἡμῖν
333 1783 574 1872 ἐπικλυσθῆναι
590 1783 648 1873 τὴν
667 1785 772 1854 οἰκίαν
790 1780 1082 1873 έπαντλοομένην.”

153 1886 223 1958 “ού
242 1883 447 1968 παύσεσθε,”
467 1878 507 1975 ήν
525 1883 556 1954 δ’
568 1885 642 1975 ἐγὼ,
658 1885 724 1956 “τὰ
736 1894 876 1956 τοιαῦτα
887 1892 1141 1977 τερατολογούν-
1159 1909 1192 1957 ετ

105 2095 232 2162 τούτων
250 2092 342 2161 ἕνεκα
359 2093 407 2172 είς
425 2089 523 2160 ἀλλον
540 2095 655 2182 καιρὸν
676 2090 931 2182 ὑπερβάλλεσθε
952 2093 1014 2174 τὰς
1030 2119 1141 2180 παρα-

108 2198 229 2276 δόξους
244 2196 366 2275 ταύτας
383 2198 439 2262 καί
456 2193 604 2284 φοβερὰς
623 2195 802 2283 διηγήσεις,
827 2197 872 2284 μή
891 2222 966 2276 πως
988 2197 1140 2263 λάθωσιν

109 2295 192 2385 ἡμῖν
214 2296 456 2386 ἐμπλησθέντες
482 2298 646 2381 δειμάτων
667 2301 723 2365 καί
746 2294 932 2367 ἀλλοκότων
948 2301 1140 2387 μυθολογη-

107 2400 233 2486 μάτων.
269 2403 450 2489 φείδεσθαι
468 2391 526 2467 σύν
542 2400 602 2488 χρὴ
617 2398 729 2485 ,αὑτῶν
746 2403 830 2489 μηδὲ
851 2408 992 2473 τοιαῦτα
1015 2401 1140 2484 ἐθίζειν

108 2500 253 2582 ἀκούειν,
281 2503 303 2569 ἀ
326 2502 383 2570 διὰ
405 2502 531 2583 παντὸς
552 2511 611 2571 τού
633 2510 709 2589 βίου
733 2504 900 2594 ἐνοχλήσει
924 2505 1064 2575 συνόντα
1084 2506 1141 2572 καί

106 2608 294 2695 ψοφοδεεῖς
316 2607 466 2695 ποιήσει,
494 2610 647 2694 ποικίλης
668 2614 726 2694 τῆς
753 2609 1014 2694 δεισιδαιμονίας
1042 2607 1141 2694 ἐμπι-

28 2765 33 2771 .
106 2706 267 2778 amna?
289 2700 351 2777 “εὑ
364 2735 401 2797 γε
416 2706 635 2797 ὑπέμνησας,”
651 2701 671 2799 ή
687 2706 718 2776 δ’
731 2709 768 2790 ὃς
782 2708 799 2778 ό
814 2709 993 2800 Εὐκράτης,
1009 2706 1140 2779 “sim
1153 2722 1193 2781 '38

104 2813 164 2901 τὴν
187 2814 459 2898 δεισιδαιμονίαν.
503 2819 538 2881 τί
558 2813 620 2901 γάρ
644 2837 712 2894 σοι,
738 2803 765 2880 ῶ
791 2815 947 2902 Τυχιάδη,
975 2815 1141 2903 περὶτῶν

105 2917 268 2984 τοιούτων
287 2918 385 2996 δοκεῖ,
405 2918 487 3004 λέγω
507 2914 546 3004 δὴ
564 2922 718 3004 χρησμῶν
734 2920 791 2984 καὶ
808 2918 990 3007 θεσφάτων
1007 2919 1063 2986 καί
1076 2912 1142 2999 ὅσα

107 3021 379 3108 θεοφορούμενοί
393 3044 479 3099 τινες
497 3016 693 3104 ἀναβοῶσιν,
707 3016 730 3108 ή
744 3018 781 3101 ἐξ
793 3016 922 3091 ἀδύτων
936 3017 1101 3104 ἀκούεται,
1120 3018 1142 3109 ἢ

4 3120 6 3147 ³
107 3127 280 3210 παρθένος
294 3121 438 3211 ἐμμετρα
452 3127 663 3211 φθεγγομένη
676 3124 900 3210 προθεσπίζει
909 3123 952 3192 τὰ
964 3128 1142 3209 μέλλοντας

107 3221 129 3312 ἢ
148 3222 273 3312 δηλαδὴ
290 3228 346 3292 καί
362 3237 434 3304 τοῖς
450 3222 847 3317 τοιούτοιςάπιστήσειςς
870 3224 934 3312 έγῶ
954 3227 990 3293 δὲ
1014 3222 1066 3294 ότι
1083 3226 1142 3311 μέν

108 3329 165 3393 καί
190 3327 364 3395 δακτύλιόν
385 3354 460 3396 τινα
487 3324 574 3423 ἱερὸν
601 3326 678 3412 ἐχω,
702 3324 906 3409 Ἀπόλλωνος
926 3334 986 3395 τοῦ
1008 3333 1143 3397 Πυθίου

110 3428 221 3496 εἰκόνα
240 3427 445 3518 ἐκτυπούσης
460 3437 519 3519 τής
537 3432 734 3521 σφραγῖδος,
753 3434 810 3499 καί
827 3421 925 3513 οὑτσς
943 3428 960 3499 δ
975 3428 1144 3502 Ἀπόλλων

110 3537 296 3618 φθέγγεται
313 3530 399 3621 πρὸς
417 3531 483 3617 ἐμὲ,
504 3530 541 3601 ού
561 3534 654 3622 λέγω,
673 3534 719 3624 μή
738 3559 794 3603 σοι
812 3532 941 3604 ἀπιατα
959 3536 1045 3618 δόξω
1064 3538 1143 3624 περὶ

111 3632 255 3717 ἐμαυτοῦ
273 3638 569 3723 μεγαλαυχεῖσθαι·
592 3636 615 3704 ἀ
638 3638 676 3705 δέ
693 3635 937 3727 ἐνὲίμφιλόχυυ
960 3664 996 3706 τε
1017 3634 1144 3725 ἤκουσα

111 3734 146 3803 ἐν
167 3739 305 3825 Μαλλῷ,
328 3745 388 3806 τοῦ
410 3734 518 3828 ήρωος
538 3735 629 3828 ὑπαρ
652 3742 883 3823 διαλεχθέντος
903 3766 963 3826 μοι
983 3743 1039 3807 καί
1060 3763 1143 3824 συμ-

112 3843 351 3922 βουλεύσαντας
368 3838 451 3927 ὑπὲρ
473 3848 540 3910 τῶν
557 3841 654 3928 ἐμῶν,
676 3846 733 3910 καί
751 3843 773 3909 ἀ
791 3840 879 3911 εἶδον
898 3839 1009 3924 αὑτὸς,
1034 3841 1143 3911 ἐθέλω
1169 3910 1171 3915 ,
1296 3858 1300 3865 ’

112 3938 189 4026 ὑμῖν
211 3944 332 4025 εἰπεῖν,
362 3941 434 4013 εἶτα
456 3944 528 4034 ἑξῆς
550 3945 572 4013 ἀ
595 3945 629 4013 ἐν
645 3946 808 4035 Περγάμῳ
831 3941 920 4013 εἶδον
940 3947 1004 4012 καί
1017 3941 1144 4033 ήκυυσα

115 4041 146 4110 έν
167 4047 347 4132 Πατάροις.
384 4045 488 4117 ὁπότε
509 4045 573 4138 γὰρ
600 4048 636 4131 ἐξ
654 4049 828 4138 Αἰγύπτου
852 4047 1005 4139 ἐπανῄειν
1029 4048 1145 4117 ’σ’ίκαδε
