2748 4572
243 251 295 323 τι.
320 249 523 307 τείνοντα
544 212 826 308 Διιιεὶιικοε
848 254 951 311 υ-ιι.
1095 243 1120 310 5
1202 328 1207 335 ‚

72 357 194 448 χρόνον
213 355 394 440 πάμπολυν
412 350 606 443 ὑπογράψει
624 362 683 445 τῆς
697 352 903 446 ὁδοιπορίας,
924 357 979 449 έτη
993 358 1116 442 πολλὰ,
1230 418 1238 427 .
1355 376 1356 385 ’

76 460 112 530 οῦ
141 456 224 528 καθ’
248 455 373 547 ἡμέρας
397 460 453 525 καί
478 458 671 543 τριακάδας,
699 456 783 527 ἀλλὰ
809 457 878 527 κατ’
903 458 1118 547 ὀλυμπιάδας
1152 534 1156 539 ‚

76 561 159 645 ὅλας
177 559 347 650 ἀριθμῶν,
367 555 414 639 (ῦς
430 562 486 628 καί
504 574 757 648 προαποκαμεῖν
776 559 938 631 ἀκούοντα
954 566 1011 631 καὶ
1025 561 1116 632 ἀπα-

74 671 238 756 γορεῦσαι
258 661 368 731 πολλὰ
388 667 515 752 χαίρειν
538 663 712 753 φράσαντα
733 670 773 753 τῇ
796 664 989 754 ἐλπιζομένῃ
1012 663 1117 755 έκείνῃ
1182 670 1192 681 ’

74 766 291 855 εὐδαιμονία·
305 764 344 832 τὸ
355 766 391 833 δὲ
404 764 462 833 ἐπὶ
473 766 606 847 τούτοις
619 762 696 835 οῦδὲ
708 764 855 850 μισθοῦς
868 763 999 854 ὀλίγους
1012 763 1120 834 ἀπαι-

73 883 129 940 τεῖ
149 876 218 938 τῶν
240 869 408 936 τοσούτων
429 874 545 950 κακῶν,
569 864 727 936 ἀλλὀἀά
744 866 784 936 ἀν
805 866 964 958 ἡγήσαιτό
988 894 1057 953 σοι,
1086 868 1117 937 εί

73 971 121 1062 μὴ
139 971 272 1059 μεγάλα
288 971 451 1060 πρότερον
470 971 578 1056 λάβοι.

126 1071 158 1143 ‘0
178 1074 239 1158 μέν
261 1078 365 1140 ταῦτα
389 1073 504 1163 φησει,
527 1070 656 1156 ἀλαζὼν
677 1075 733 1142 καὶ
755 1071 891 1164 ἀρχαῖος
909 1071 955 1155 ὥς
976 1069 1115 1164 ἀληθῶς
1134 1097 1168 1144 10

69 1178 131 1245 »καί
139 1172 303 1262 Κρονικὸς
316 1170 507 1261 άνθρωπος,
522 1175 655 1265 νεκροὺς
668 1174 702 1256 ές
714 1183 852 1266 μίμησιν
859 1175 1025 1257 παλαιοῦς
1033 1202 1118 1266 προ-

76 1280 190 1358 τιθεὶς
207 1280 264 1344 καί
283 1274 470 1368 ἀνορύττειν
489 1275 591 1361 ἀξιῶν
608 1279 725 1366 λόγους
743 1280 851 1346 πάλαι
867 1285 1118 1369 κατορωρυγμέ-

70 1407 155 1462 νους
169 1376 218 1461 κός
230 1406 264 1447 τι
277 1384 432 1468 μέγιστον
446 1377 586 1467 ἀγαθὸν,
604 1387 851 1466 μαχαιροποιοῦ
865 1379 937 1449 υλὸν
949 1385 1006 1448 καί
1019 1380 1118 1450 ἀλλον
1165 1430 1171 1437 κ

73 1482 275 1572 Ἀτρομήτου
293 1479 383 1562 τινὸς
399 1490 648 1570 γραμματιστοῦ
667 1483 782 1572 ζηλοῦν
800 1483 911 1564 ἀξιοῦν,
936 1485 992 1549 καὶ
1014 1489 1119 1549 ταῦτα
1194 1528 1199 1537 -

77 1585 110 1655 έν
129 1585 243 1676 εἰρήνῃ
261 1583 345 1674 μήτε
360 1586 530 1653 Φιλίππου
550 1583 703 1665 έπιόντος
719 1585 801 1673 μήτε
815 1583 1024 1670 Ἀλεξάνδρου
1044 1584 1120 1652 έπι-

75 1690 271 1769 τάττοντος,
298 1681 388 1755 ὅπου
414 1685 456 1755 τὰ
483 1687 612 1756 ἐκείνων
633 1692 716 1769 τέως
742 1687 850 1756 έδόκει
870 1687 1030 1777 χρήσιμα,
1060 1683 1119 1755 οῦκ

77 1789 181 1870 εἰδὼς
204 1786 319 1873 ὁποία,
335 1796 390 1858 νῦν
415 1791 685 1879 κεκαινοτόμηται
711 1804 826 1875 ταχεῖα
851 1790 908 1857 καὶ
934 1785 1119 1878 ἀπράγμων

76 1896 137 1982 καί
164 1889 250 1961 εῦθῦ
276 1898 337 1980 τῆς
360 1894 532 1982 ῥητορικῆς
555 1889 643 1973 όδός
690 1891 730 1962 σὺ
759 1895 795 1961 δέ
820 1893 902 1982 μήτε
928 1896 1119 1960 πείθεσθαι

78 1998 165 2085 μήτε
188 1999 365 2084 προσέχειν
387 1991 490 2082 αύτῷ,
513 1995 558 2084 μή
582 2019 619 2062 σε
642 1994 853 2084 ἐκτραχηλίσῃ
876 2021 943 2062 που
965 1995 1119 2083 παραλα-

77 2096 151 2185 βὼν
168 2094 190 2187 ἢ
206 2094 246 2164 τὸ
264 2099 451 2165 τελευταῖον
472 2102 682 2185 προγηρᾶσαι
701 2110 773 2177 τοῖς
790 2098 908 2176 πόνοις
930 2121 1119 2185 παρασκευ-
1221 2126 1223 2129 ·

81 2201 164 2288 άσῃ.
201 2196 268 2266 ἀλλ’
280 2199 310 2267 εί
325 2199 461 2279 πάντως
482 2198 560 2288 έρᾷς
580 2201 637 2265 καί
653 2199 792 2281 τάχιστα
811 2197 939 2277 ἐθέλεις
958 2203 999 2284 τῇ
1021 2199 1119 2286 ῥητο-

79 2306 163 2392 ρικῇ
193 2313 331 2370 συνεῖναι
356 2301 510 2388 ἀκμάζων
537 2299 599 2381 ἐ’τι,
634 2298 680 2382 ιῦς
710 2303 766 2368 καί
796 2299 1001 2382 σπουδάζοιο
1031 2297 1119 2387 πρὸς

81 2400 216 2492 αύτῆς,
232 2402 287 2471 ἴθι
306 2410 353 2492 τῷ
379 2403 438 2489 μέν
465 2403 563 2479 δασεῖ
586 2404 693 2492 τούτῳ
715 2406 772 2471 καί
793 2409 881 2490 πέρα
901 2408 972 2470 τοῦ
983 2407 1118 2491 μετρίου

83 2502 229 2596 ἀνδρικῷ
246 2504 356 2595 μακρὰ
369 2511 497 2600 χαίρειν
519 2505 624 2575 εἰπάν
646 2509 718 2594 λέγε
741 2503 928 2593 ἀναβαίνειν
947 2502 1046 2573 αῦτὸν
1063 2506 1119 2571 καί

83 2607 206 2689 ἀλλους
224 2604 373 2688 ὁπόσους
386 2605 426 2676 ἀν
439 2607 606 2693 έξαπατῦν
621 2609 757 2698 δύνηται
769 2605 909 2696 ἀνάγειν,
929 2603 1120 2675 καταλιπὼν

84 2709 318 2798 ἀσθμαίνοντα
343 2713 399 2778 καλ
425 2710 541 2836 ἱδρῶτι
567 2714 682 2801 πολλῷ
710 2711 858 2779 συνόντα.
904 2707 944 2778 οῦ
971 2711 1008 2778 δὲ
1033 2706 1120 2798 πρὸς
1139 2731 1169 2777 11

84 2813 143 2904 τὴν
165 2813 279 2901 ἑτέραν
301 2811 467 2882 έλθων“
433 2814 589 2938 εηρήσεις
602 2813 747 2893 πολλοῦς
768 2815 827 2899 μέν
847 2816 903 2880 καί
926 2809 1058 2893 ἀλλους,
1087 2809 1121 2878 έν

84 2930 158 2998 τοῖς
176 2918 286 2985 δὲκαὶ
307 2917 482 3005 πάνσοφόν
503 2941 578 2985 τινα
600 2919 654 2983 καί
676 2917 845 3004 πάγκαλον
867 2912 984 3005 ἀνδρα,
1009 2915 1163 3019 διασε-ηί
1268 2954 1293 2969 w
1325 2998 1328 3007 Ι

86 3023 286 3105 σαλενμένον
303 3045 342 3086 το
329 3017 523 3106 βάδισμα,
547 3016 870 3105 ἐπικεκλασμένον
837 3044 894 3087 τον
913 3014 1046 3104 αῦχένα,
1064 3043 1122 3104 γα·
1142 2990 1220 3081 λιι..
1181 2946 1278 3077 Ὕλα
1304 3052 1316 3061 -·
1333 3068 1344 3077 ..

85 3136 282 3192 ναικεῖοντο
267 3119 436 3208 βλέμμα,
455 3119 658 3210 μελιχρὸντὸ
674 3121 825 3211 φώνημα,
844 3121 956 3207 μύρων
970 3118 1118 3188 ἀποπνέ-
1229 3156 1236 3163 -
1334 3108 1338 3119 ’

86 3250 181 3308 οντα,
209 3230 258 3313 τῷ
281 3220 478 3312 δακτύλῳ”
455 3250 545 3311 ακρῳ
566 3251 624 3312 την
645 3221 789 3313 κεφαλὴν
812 3223 983 3307 κνώμενον,
1008 3219 1062 3289 όλί
1061 3246 1128 3309 γας,

84 3329 146 3414 μέν
164 3326 225 3408 ότι,
246 3323 346 3406 σύλας
364 3328 400 3395 δέ
417 3330 472 3395 καὶ
490 3323 682 3406 ῦακινθένας
695 3323 756 3405 τὰς
769 3330 882 3411 τρίχας
895 3321 1121 3406 εὐθετίζοντα,

55 3434 60 3445 ’
86 3429 262 3518 πάναβρόν
278 3457 353 3499 τινα
370 3425 690 3519 Σαρδανάπαλλονῆ
708 3428 851 3517 Κινύραν
872 3423 893 3518 ἢ
915 3424 1014 3496 αῦτὸν
1027 3425 1122 3514 Ἀγά-

86 3539 187 3601 θωνα
218 3530 275 3600 τὸν
303 3538 362 3622 τῆς
391 3534 576 3620 τραγῳδίας
607 3531 788 3619 ἐπέραστον
820 3529 940 3599 έκεῖνσν
969 3531 1122 3619 ποιητήν.

87 3637 175 3723 λέγω
193 3635 230 3702 δὲ
248 3631 294 3716 ὥς
312 3632 381 3704 ἀπὸ
398 3635 525 3703 τούτων
546 3636 716 3721 γνωρίζοις
738 3631 851 3717 αῦτὸν,
873 3635 959 3722 μηδέ
979 3658 1017 3701 σε
1036 3627 1122 3699 ούτω

87 3742 276 3807 θεσπέσιον
291 3745 401 3827 χρῆμα
417 3741 473 3806 καί
491 3741 588 3829 φίλον
600 3735 775 3862 Ἀφροδίτῃ
793 3740 848 3805 καὶ
865 3738 990 3825 Χάρισι
1008 3732 1124 3800 διαλά-

89 3845 162 3909 θοι.
199 3846 310 3908 καίτσι
327 3846 362 3908 τί
378 3866 481 3930 φημις
499 3835 559 3909 κάν
577 3838 607 3908 εί
623 3840 741 3925 μύοντι
762 3840 827 3961 γάρ
844 3862 899 3906 σοι
920 3833 1122 3924 προσελθων

92 3942 184 4012 ειποι
200 3971 237 4012 τι
252 3969 293 4013 το
277 3939 474 4034 Ὑμήττιον
492 3942 595 4011 έκεῖνο
618 3939 751 4023 ἀνοίξας
768 3941 876 4043 στόμα
898 3941 953 4007 καί
973 3936 1031 4009 τῦν
1050 3964 1126 4006 σον-

92 4043 160 4136 ῦθη
183 4044 298 4208 φανὴν
321 4042 436 4152 ἀφείη
463 4041 637 4134 μάθοις
614 4072 654 4114 αν
681 4041 727 4125 ὥς
752 4039 825 4127 οῦχί
850 4047 916 4111 τῶν
942 4038 1057 4110 καθΗ
1040 4047 1126 4129 ημᾶς
1193 4077 1196 4084 ·
