2792 4580
243 216 310 288 σου
496 230 500 239 ·
632 226 924 285 εονεῑωυοε·
1377 300 1378 323 ¹

241 343 342 406 τοῦτο
359 348 431 416 τοῖς
443 341 499 403 νῦν
514 333 534 403 δ
547 334 773 423 Δημοσθένης,
793 332 978 422 ἐφάμιλλος
992 330 1207 416 Θεμιστοκλεῖ
1213 334 1273 419 μίν
1377 348 1378 421 3

242 439 302 528 τὴν
329 441 472 519 σύνεσιν,
500 438 654 523 Περικλεῖ
677 436 715 503 δὲ
739 433 777 502 τό
806 435 969 523 φρόνημα.
1015 433 1174 521 ἐκτήσατο
1201 442 1275 522 γοῦν

244 539 359 621 αὐτοῖς
377 538 507 609 ἀκούειν
518 536 675 625 Εὔβοιαν,
696 544 838 625 Μέγαρα,
858 535 901 603 τδι
918 538 997 625 περὶ
1013 534 1072 604 τὸν
1081 534 1276 625 Ἑλλήσπον-
1377 554 1378 603 3

242 668 308 726 τον,
328 643 385 732 τὴν
402 648 577 711 Βοιωτίαν.
614 644 669 708 καί
686 643 794 718 καλῶς
812 637 878 726 ys?
899 639 973 728 ἔφη,
989 636 1277 729 “ποιούσινι’ίθη-

241 757 333 819 ναῖοι
349 746 488 835 Χάρητα
509 746 569 829 μέν
590 747 646 810 καὶ
664 749 853 829 Διοπείθην
874 745 930 809 καὶ
946 741 1110 831 Πρόξενον
1125 741 1188 809 ’καὶ
1208 768 1277 810 τοι·

243 850 362 928 ούτους
383 847 475 927 τινὰς
498 845 749 924 ἀποδεικνύντες
772 856 977 933 στρατηγεῖν,
993 848 1220 932 ,Δημοσθένην
1242 844 1277 912 δδ
1377 880 1378 889 ¹

243 952 323 1019 ε’ίσιο
341 956 528 1033 κατέχοντες
547 949 604 1017 ἀπὶ
621 955 680 1015 τοῦ
701 949 863 1036 βήματος,
891 944 938 1027 ιδς
960 947 992 1014 εί
1012 948 1129 1015 τοῦτον
1145 945 1205 1014 τὸν
1221 942 1276 1015 ἀν-
1334 980 1343 997 ⁸
1377 990 1378 1039 χ

240 1061 385 1140 θρωπον
403 1049 517 1120 ὅπλων
535 1051 708 1140 ἀπέφηναν
725 1057 781 1117 καὶ
799 1057 880 1119 νεῶν
897 1076 953 1117 και
942 1052 1277 1178 στρατοπέδωνκαὶ
1377 1060 1378 1099 ³

243 1182 367 1246 καιρων
385 1159 440 1222 καὶ
455 1155 630 1246 χρημάτων
648 1155 768 1276 κύριον,
788 1151 874 1221 ἀκνώ
893 1152 938 1240 μὴ
956 1156 1036 1281 περὶ
1050 1180 1111 1242 της
1127 1154 1277 1220 Μακεδο-
1377 1182 1378 1239 η

241 1257 355 1361 νίας
332 1287 372 1327 αν
389 1263 598 1346 κατέστησέγ
598 1283 645 1325 ιοι
661 1255 718 1324 τὸν
736 1255 884 1343 λόγον,“
867 1281 904 1335 ος
921 1250 983 1323 καὶ
998 1262 1055 1324 νύν
1077 1253 1147 1323 ἀπὸ
1165 1267 1282 1344 ψηφι-’
1377 1246 1378 1279 ³

243 1363 378 1447 σμάτων
401 1356 738 1449 ἀνταγωνιζόμενος
719 1372 796 1446 ημῖν
818 1365 987 1442 πανταχοῦ
1015 1363 1275 1446 συμπεριτρέχει,
1377 1386 1378 1399 ’

238 1465 499 1550 καταλαμβάνει,
528 1464 656 1549 πόρους
674 1459 730 1550 εδρ
733 1467 830 1543 ίσκει,
860 1462 998 1546 δύναμιν
1012 1459 1218 1548 συλλέγει,
1204 1486 1278 1528 επι-
1377 1522 1378 1529 ,

124 1557 130 1567 ’
242 1569 357 1655 μήκεις
374 1569 512 1645 στόλους
531 1563 742 1650 ἀποπέμπει,
764 1564 935 1633 συντάττει
953 1564 1121 1649 δυνάμεις,
1146 1563 1278 1649 ἀντιμε-
1377 1568 1378 1601 ³

192 1690 225 1740 38
244 1665 437 1736 θίσταται.”
474 1674 615 1735 τοιαῦτα
632 1671 692 1734 καὶ
709 1669 786 1735 τότε
803 1670 858 1734 καὶ
876 1666 1037 1746 πολλάκις
1055 1666 1141 1754 πρός
1158 1691 1201 1751 με
1221 1671 1279 1734 Φί-

242 1774 372 1849 λιππος
394 1773 474 1858 περὶ
500 1767 639 1859 τάνδρὸς
665 1769 784 1856 ἐ’λεγεν,
817 1771 850 1836 ἓν
880 1776 947 1836 τῶν
973 1767 1067 1858 παρὰ
1095 1795 1155 1857 της
1179 1768 1279 1856 τύχης
1377 1794 1378 1861 3

240 1879 390 1961 χρηστῶν
416 1878 591 1996 τιθέμενος
616 1872 692 1956 τὸγ
678 1900 723 1994 μη
752 1868 943 1998 στρατηγεῖν
968 1871 1026 1941 τὸν
1048 1877 1276 1961 Δημοσθένην,

125 1990 136 2005 ·
243 1998 291 2043 ον
300 2000 337 2061 γε
354 1974 503 2055 καὶτοὺς
522 1971 685 2063 λόγουςο
657 2000 771 2062 ωσπερ
789 1977 900 2065 κριούς
917 2003 937 2062 η
931 1972 1164 2054 καταπέλτας
1178 1971 1280 2062 Αθη-

165 2132 173 2137 -
239 2072 378 2167 νηθεν
362 2084 573 2166 ορμωμένους
591 2080 701 2146 διασεί
689 2085 748 2146 ίειν
767 2075 869 2145 αὐτοῦ
888 2104 947 2146 και
957 2104 1130 2167 ταράττειν
1142 2104 1186 2144 τα
1171 2075 1280 2163 βου-

241 2182 399 2266 λεύματα.
430 2184 565 2272 περὶ
527 2208 586 2267 μεν
608 2179 671 2269 γὰρ
689 2187 855 2270 Χαιρωνεί
855 2208 894 2261 ας
842 2178 995 2250 ίεάδέ
1010 2179 1095 2266 μετὰ
1113 2179 1171 2269 τὴν
1189 2186 1279 2267 νίκην

242 2283 386 2353 ἐπαύετο
404 2284 490 2373 πρὸς
506 2282 593 2372 ἡμᾶς
610 2285 760 2372 λέγων’
730 2310 778 2364 εις
796 2280 874 2352 ὅσον
897 2281 1123 2372 ἅνθρωπος
1104 2289 1193 2372 ημᾶς
1208 2308 1277 2351 κιν-

243 2389 341 2455 δύνου
355 2394 542 2474 κατέστησε.
562 2385 641 2453 “nal
654 2385 715 2477 γὰρ
730 2387 760 2454 εἰ
774 2384 852 2477 παρ’
864 2386 985 2455 ἐλπίδα
997 2389 1054 2454 καὶ
1066 2397 1164 2475 κακίᾳ
1178 2410 1281 2474 στρα-
1322 2431 1328 2440 -

241 2497 349 2578 τηγιύν
366 2493 422 2557 καὶ
440 2495 651 2577 στρατιωτῶν
669 2486 788 2577 ἀταξίᾳ
801 2493 856 2556 καὶ
869 2496 909 2578 τῇ
922 2490 1103 2579 παραδόξῳ
1118 2491 1207 2578 ῥοπῇ
1219 2493 1281 2577 τῆς

237 2593 340 2680 τύχης
360 2598 400 2681 τῇ
423 2591 532 2659 πολλὰ
555 2592 715 2670 πολλάκις
741 2590 819 2679 ἡμῖν
847 2598 1100 2681 συνειργασμένῃ
1123 2590 1282 2679 κεκρατή-

237 2720 352 2779 καμεν,
373 2690 440 2761 ἀλλ’
453 2693 511 2761 ἐπὶ
527 2699 608 2778 μιᾶς
624 2719 661 2779 γε
675 2696 796 2782 ταύτης
808 2691 933 2783 ἡμέρας
944 2692 1002 2763 τὸν
1015 2698 1094 2785 περὶ
1106 2691 1282 2783 τῆςάρχῆς

241 2801 299 2864 καὶ
315 2804 373 2887 τῆς
390 2803 498 2884 ψυχῆς
515 2797 660 2864 κίνδυνον
674 2796 836 2885 ἐπέστησέ
847 2823 916 2882 μοι,
935 2796 996 2878 τὰς
1009 2794 1146 2886 ἀρίστας
1160 2796 1282 2877 πόλεις

241 2901 290 2979 εἰς
304 2903 337 2967 ἓν
351 2897 540 2985 συναγαγὼν
553 2902 609 2966 καὶ
621 2906 733 2968 πάσαν
746 2899 804 2989 τὴν
811 2898 992 2990 Ἑλληνικὴν
1002 2901 1141 2985 δύναμιν
1155 2897 1283 2988 ἀθροί-

242 3026 313 3084 σας,
329 3000 523 3090 Δθηναίους
541 2998 611 3087 ἀμα
628 3006 686 3069 καὶ
703 3008 867 3091 Θηβαίους
879 3003 1050 3083 Βοιωτούς
1067 3028 1103 3070 τε
1120 3000 1199 3081 τοὺς
1218 2999 1282 3068 άλ-

240 3108 320 3186 λους
345 3109 401 3173 καὶ
421 3111 624 3193 Κορινθίους
645 3102 794 3191 Εὐβοέας
817 3131 853 3173 τε
878 3110 934 3173 καὶ
958 3110 1127 3195 Μεγαρέας
1152 3106 1210 3172 καὶ
1236 3101 1284 3172 τδι

240 3210 402 3298 κράτιστα
422 3217 479 3297 τῆς
498 3207 652 3288 Ἑλλάδος
675 3209 928 3277 διακινδυνεύειν
950 3208 1196 3297 συναναγκάσας
1220 3209 1284 3274 καὶ

190 3335 222 3386 39
235 3309 320 3400 μηδ’
333 3313 412 3380 ε’ίσω
426 3339 468 3398 με
480 3319 538 3400 τῆς
544 3309 685 3399 Ἀττικῆς
700 3311 885 3400 ἐπιτρέψας
896 3308 1109 3401 παρελθεῖν.”
1128 3313 1285 3379 τοιοῦτοί

237 3441 326 3495 τινες
352 3406 435 3502 ἦσαν
454 3412 546 3502 αύτῷ
574 3427 718 3497 συνεχεῖς
743 3419 822 3505 περὶ
844 3418 1081 3502 Δημοσθένους
1108 3413 1142 3482 σί
1167 3414 1284 3501 λόγοι·

240 3521 297 3587 καὶ
313 3519 400 3607 πρός
416 3543 453 3604 γε
470 3516 548 3597 τοὺς
565 3520 718 3603 λέγοντας
740 3515 787 3597 ὦς
807 3523 909 3606 μέγαν
931 3518 1000 3603 έχοι
1021 3514 1080 3585 τὸν
1093 3512 1284 3604 Ἀθηναίων

241 3623 345 3710 δῆμον
367 3617 618 3709 ἀνταγωνιστὴν,
642 3617 742 3705 “bavi
765 3627 983 3709 Δημοσθένης
1007 3615 1143 3706 μόνος,”
1172 3616 1281 3698 εἶπεν,

236 3721 512 3812 ’ἀνταγωνιστὴς
529 3722 700 3813 Ἀθηναῖοι
718 3725 755 3792 δὲ
767 3729 984 3812 Δημοσθένην
1003 3718 1062 3791 οὒκ
1075 3720 1285 3805 ἐ’χοντεςΑί-

240 3829 395 3907 νιᾶνές’
366 3853 432 3896 εισι
448 3830 506 3896 καί
519 3823 705 3896 Θετταλοίῗ
741 3853 798 3894 και
786 3821 1006 3915 πρέσβειςε
988 3825 1095 3894 οπότε
1112 3823 1200 3915 πρός
1215 3820 1286 3903 τδις

240 3932 358 4009 πόλεις
375 3936 519 4016 πέμποι,
542 3937 608 3999 τῶν
625 3931 684 4015 μὲν
706 3926 813 3998 ἀλλων
836 3929 1032 4020 ῥητόρων’
1006 3930 1041 3997 εί
1057 3952 1151 4007 τινας
1168 3954 1190 4014 η
1207 3931 1284 3994 τῶν

236 4028 375 4120 Αθηναί
374 4058 419 4115 ων
440 4034 540 4114 πόλις
562 4029 821 4103 ἀνταποστέλλον
840 4040 882 4123 τῇ
903 4037 1079 4123 πρεσβείᾳ,
1107 4018 1267 4124 ῥᾷστα’
1238 4052 1286 4117 ηυ
