2748 4572
414 223 476 281 LV.
502 223 707 281 ΗΡΑΚΛΗΣ
729 227 813 282 1-7.
1086 211 1130 278 41

148 324 246 399 Ταῦτ’
258 324 322 416 ίγιδ
339 329 400 413 μὲν
417 326 475 395 ἐπὶ
491 327 579 396 πολὺ
599 328 756 417 εἱστήκειν
774 327 861 420 δρῶν
878 332 934 397 καὶ
947 329 1130 415 θαυμάζων
1145 348 1166 402 λ

90 436 150 504 καὶ
168 431 307 521 ἀπορῶν
324 434 381 499 καὶ
399 426 602 519 ἀγανακτῶν·
620 430 745 511 Κελτὸς
762 434 799 500 δί
814 459 866 512 τις
883 429 1059 522 παρεστώς
1073 429 1132 499 οῦκ

93 535 300 615 ἀπαίδευτος
312 532 355 601 τδι
368 530 519 622 ῆμίτερα,
540 530 588 614 ώς
600 532 731 617 ἔδειξεν,
751 531 895 624 ἀκριβῶς
904 531 1044 603 Ἑλλάδα
1057 560 1132 622 φω-

92 638 150 729 νῆν
165 635 298 726 ἀφιεὶς,
322 636 524 725 φιλόσοφος,
549 633 658 722 οἶμαι,
676 635 720 704 τδι
738 634 915 725 δπιχώρια,
935 633 1024 725 “ἀγώ
1044 632 1130 717 aot?

95 742 176 833 ἔφη,
201 730 255 807 (ἀλ
273 741 355 821 ξένε,
384 739 473 807 λύσω
490 744 550 828 τῆς
569 745 700 828 γραφῆς
720 738 759 807 τὸ
783 739 931 827 αἴνιγμα·
957 738 1046 809 πύνν
1067 737 1131 827 γὰρ

93 847 329 934 ταραττομένῳ
348 840 457 921 ἔοικας
473 840 560 929 πρὸς
577 839 687 930 αάτῆν.
713 840 771 910 τὸν
784 842 881 929 λόγον
894 837 989 931 ῆμεῖς
1002 840 1036 909 οἱ
1048 844 1133 918 Κελ-

80 948 150 1018 τοὶ
172 942 232 1029 οὐχ
255 939 370 1035 ὥσπερ
392 940 488 1028 ὑμεῖς
509 941 543 1010 ολ
556 938 705 1031 Ἕλληνες
723 940 839 1033 Ἑρμῆν
866 940 1014 1030 οἰόμεθα
1034 941 1131 1027 εἶναι,

97 1043 168 1118 ἀλλ’
180 1044 332 1137 Ἡρακλεῖ
348 1043 448 1113 αάτὸν
465 1045 641 1130 εἰκάζομεν,
661 1041 716 1114 ότι
733 1045 826 1135 παρὰ
843 1046 930 1116 πολύ
943 1053 1003 1116 τοῦ
1013 1042 1132 1136 Ἑρμοῦ

99 1151 312 1239 ἰσχυρότερος
331 1138 438 1227 οὗτος.
479 1148 509 1214 εί
527 1150 564 1215 δὲ
584 1154 689 1237 γέρων
709 1156 908 1238 πεποίηται,
932 1149 977 1238 μῆ
995 1150 1133 1234 θεομά-

98 1272 170 1342 σῃς·
194 1252 297 1337 μόνος
313 1249 375 1337 γὰρ
394 1246 412 1317 δ
431 1251 528 1338 λόγος
546 1249 579 1318 ἓν
596 1252 681 1340 γῆρηι
703 1254 797 1341 φιλεῖ
817 1250 926 1340 ἐντελῆ
949 1251 1133 1321 ἐπιδείκνυ-

97 1362 186 1426 σθαι
202 1352 261 1443 τῆν
279 1350 391 1440 ἀκμὴν,
417 1353 450 1419 εί
464 1378 500 1440 γε
518 1349 630 1443 ἀληθῆ
648 1350 740 1438 ὑμῶν
758 1355 792 1421 οἱ
808 1356 948 1444 ποιηταί
969 1357 1130 1442 λέγουσιν,

75 1454 151 1527 ’ότι
173 1456 211 1523 αλ
231 1457 291 1542 μὲν
312 1462 380 1524 τών
397 1451 611 1542 αὁπλοτέρων
633 1460 750 1546 φρένες
770 1453 1006 1546 ῆερέθονται·”
1033 1454 1073 1527 τὸ
1096 1456 1134 1524 δδ

94 1585 200 1649 λ”ίθας

324 1651 390 1735 ἔχει
406 1679 440 1719 τι
457 1655 551 1734 λέξαιΔ
565 1659 630 1720 τών
647 1658 728 1722 νέων
746 1653 948 1743 σοφώτερον.
971 1692 974 1701 »

98 1761 185 1833 οῦτοι
202 1769 241 1851 γέ
256 1788 312 1830 τοι
328 1768 459 1838 καὶτοῦ
472 1769 639 1855 Νέστορος
656 1762 733 1848 ύμῖν
751 1761 896 1855 ἀπορρεῖ
912 1764 947 1833 ἐκ
958 1770 1016 1854 τῆς
1028 1764 1135 1853 γλώτ-

97 1892 156 1956 της
176 1866 217 1934 τὸ
240 1869 330 1952 μέλι,
357 1869 413 1933 καί
435 1867 468 1934 οῖ
490 1863 648 1955 ἀγορηταὶ
670 1875 736 1936 τών
761 1868 881 1954 Τρώων
901 1865 961 1956 τῆν
982 1863 1053 1935 όπα
1075 1863 1135 1955 τῆν

98 1968 309 2056 λειριόεσσαν
330 1967 471 2057 ἀφιᾶσιν
492 1966 619 2057 εάανθῆ
641 1990 731 2037 τινα·
758 1973 865 2057 λείρια
886 1967 948 2060 γὰρ
970 1972 1130 2051 καλεῖται,

99 2073 133 2141 εἴ
146 2098 184 2161 γε
201 2077 382 2159 μέμνημαι,
405 2072 447 2139 τδι
469 2068 568 2160 ἀνθη.
606 2068 691 2140 ώστε
715 2072 745 2139 εί
760 2076 826 2138 τών
850 2068 943 2140 ώτιον
965 2070 1169 2153 &dedam-6
1195 2098 1198 2107 ’

8 2232 10 2243 .
98 2201 177 2254 νονς
193 2172 270 2254 τοὺς
288 2172 491 2259 ἀνθρώπους
510 2173 599 2262 ιπρὸς
620 2173 678 2260 τῆν
699 2176 846 2262 γλῶτταν
869 2171 887 2241 ό
910 2178 1013 2261 γέρων
1036 2164 1134 2251 οὗτος

95 2274 256 2366 Ἡρακλῆς
273 2273 290 2343 δ
307 2277 405 2365 λόγος
423 2276 516 2357 ἕλκει,
535 2278 621 2364 μηδὲ
632 2281 731 2343 τοῦτο
748 2275 938 2366 θαυμάσῃς,
959 2271 1056 2354 εἰδώς
1073 2271 1132 2362 τῆν

101 2376 200 2447 ώτων
220 2379 274 2444 καὶ
294 2380 441 2467 γλώττης
464 2383 664 2466 συγγένειαν·
693 2375 766 2446 οὐδ’
781 2375 876 2467 ῦβρις
898 2378 946 2459 είς
969 2374 1077 2459 αύτὸν,
1102 2375 1134 2444 εί

100 2482 222 2569 ταύτην
247 2481 462 2569 τετρύπηται·
490 2488 658 2571 μέμνημαι
679 2488 765 2570 γοῦν,
795 2481 873 2572 ἔφη,
900 2483 957 2549 καὶ
981 2484 1134 2566 καιμικιῦν

100 2612 198 2654 τινων
215 2584 386 2672 ἰαμβείων,
406 2581 483 2673 παρ’
499 2583 591 2670 ύμών
607 2584 740 2670 μαθὼν,

235 2688 246 2701 “
304 2738 309 2749 .
380 2695 456 2767 Τοῖς
473 2685 534 2776 γὰρ
553 2688 703 2756 λάλοισιν
720 2686 756 2769 ἐξ
773 2684 872 2777 ἀκρον

296 2786 316 2877 ῆ
334 2793 464 2877 γλῶττα
481 2795 585 2858 πᾶσίν
604 2789 674 2857 ἔστι
691 2794 927 2879 τετρυπημένη.

99 2891 140 2963 τὸ
159 2889 190 2960 δ’
204 2887 282 2959 ὅλον
299 2894 355 2958 καὶ
374 2888 473 2960 αύτὸν
490 2887 586 2980 ῆμεῖς
606 2891 663 2960 τὸν
678 2889 833 2982 Ἡρακλέα
851 2892 938 2980 λόγῳ
960 2888 1004 2958 τά
1024 2890 1136 2958 πάντα
1153 2909 1171 2959 ε

100 2993 277 3087 ἡγούμεθα
296 2994 541 3083 ἐξεργάσασθαι
559 2993 666 3084 σοφὸν
683 2995 934 3082 γενόμενονκαλ
954 2999 1078 3061 πειθοῖ
1092 2990 1136 3060 τδι

100 3101 246 3167 πλεῖστα
262 3096 463 3182 βιάσασθαι.
490 3100 546 3164 καί
562 3099 605 3165 τά
622 3122 659 3185 γε
675 3099 754 3185 βέλη
769 3122 869 3163 αυτον
889 3119 922 3164 οι
935 3099 1028 3183 λογοι
1042 3096 1135 3176 εἰσὶν,

102 3197 208 3285 οἶμαι,
225 3197 312 3282 ὀξεῖς
324 3202 381 3267 καὶ
395 3196 546 3283 εὔστοχοι
558 3202 617 3266 καί
626 3212 737 3283 ταχεῖς
750 3202 805 3266 καὶ
818 3197 878 3278 τὰς
890 3196 1002 3285 ψυχὰς
1017 3192 1138 3284 τιτρώ-

102 3322 251 3383 σκοντες·
269 3304 450 3394 πτερόεντα
467 3309 544 3391 γοῦν
561 3300 603 3371 τὰ
621 3302 685 3391 όπη
703 3304 758 3368 καί
774 3298 868 3385 ύμεῖς
886 3325 972 3389 φατε
989 3289 1106 3368 είναι.”

159 3413 312 3474 Τοσαῦτα
331 3408 391 3491 μὲν
413 3403 430 3474 ό
450 3406 587 3487 Κελτός·
611 3404 687 3491 ἐμοὶ
704 3406 741 3472 δὲ
758 3401 852 3494 ῆνίκα
869 3405 948 3492 περὶ
963 3409 1022 3492 τῆς
1040 3405 1136 3492 δεῦρο
1155 3423 1190 3476 7.

100 3510 258 3595 παρόδου
276 3510 397 3597 ταύτης
415 3507 624 3598 ἐσκοπούμην
641 3507 728 3598 πρὸς
746 3506 895 3593 ἐμαυτὸν,
916 3507 950 3575 εἴ
957 3532 1018 3592 μοι
1029 3510 1140 3587 καλῶς

101 3611 175 3702 ἔχοι
188 3613 349 3698 τηλικῷδε
368 3609 438 3680 ἀντι
455 3616 511 3680 καί
528 3613 635 3681 πύλαι
651 3620 718 3680 τῶν
732 3611 922 3692 ἐπιδείξεων
934 3614 1138 3696 πεπαυμένῳ

102 3704 210 3793 αὖθις
228 3710 313 3801 ῦπὲρ
332 3715 474 3799 ἐμαυτοῦ
492 3721 609 3805 ψῆφον
623 3715 753 3783 διδόναι
764 3714 939 3792 τοσούτοις
955 3712 1137 3792 δικασταῖς,

103 3815 190 3885 κατὰ
216 3815 333 3905 καιρὸν
357 3816 503 3906 ἐπῆλθεν
530 3815 780 3906 ἀναμνησθῆναι
800 3821 860 3903 τῆς
882 3813 1017 3908 εἰκόνος.
1056 3805 1140 3893 τέλος

103 3916 241 4007 μὲνγὰρ
257 3917 392 3987 ἐδεδίειν
405 3919 449 4007 μή
463 3946 529 3987 τινι
541 3917 633 4003 ὑμῶν
647 3919 783 4000 δόξαιμι
799 3917 918 4003 κομιδῆ
935 3913 1142 4004 μειρακιώδη

104 4028 212 4089 ταῦτα
238 4035 349 4092 ποιεῖν
376 4026 430 4090 καὶ
456 4018 534 4113 παρ’
553 4019 680 4112 ῆλικίαν
705 4019 947 4104 νεανιεύεσθαι,
978 4007 1062 4108 κᾷτά
1088 4043 1140 4098 τις
