2782 4574
204 253 267 320 166
590 258 867 317 ΔΟΥΚῙΑΝΟΥ.

201 371 299 462 ξηρὸν
315 375 375 438 τοῦ
392 373 514 456 χωρίου
531 356 567 433 ἐν
584 366 700 461 πολλῷ
717 370 765 451 τῷ
782 363 912 451 πλήθει
929 360 1148 444 ἐπεπόλαζον.
1179 362 1240 433 καί

200 481 307 547 ταῦτα
324 472 413 560 ἐλεγε
430 475 536 539 πίνων
552 474 613 537 τού
632 466 733 535 αύτού
751 462 883 546 ύδατος.
910 462 956 546 ὥς
974 466 1011 534 δέ
1026 472 1145 556 μικροῦ
1158 491 1240 535 κατ·

204 580 339 644 έλευσαν
357 572 456 643 αὐτὸν
479 571 718 662 ἐπιδραμόντες
739 565 899 652 ἅπαντες,
922 570 1000 638 τότε
1020 570 1080 654 μέν
1102 568 1161 637 ἐπὶ
1176 567 1237 637 τὸν

153 701 187 751 ιο
204 685 270 751 Δία
286 675 486 768 καταφυγῶν
504 674 522 744 ό
540 687 688 763 γενναῖος
704 668 823 762 ηύριτο
845 671 890 761 μή
911 669 1111 741 ἀποθανεῖν.
1149 668 1240 752 ἐςδέ
1255 728 1269 749 ,

119 850 133 877 s
203 781 261 871 τήν
279 781 353 870 έξής
366 778 570 868 Ὀλυμπιάδα
586 777 684 865 λόγον
700 776 775 845 τινὰ
798 776 855 844 διὰ
877 776 1042 866 τεττάρων
1060 772 1143 844 ἐπιόν
1160 799 1240 844 συν-

168 922 172 925 ·
203 889 281 965 θεὶς
296 886 363 953 τῶν
381 881 438 951 δεδι
455 887 557 968 μέσου
577 880 721 969 ἐξήνεγκε
738 878 825 969 πρὸς
841 874 1083 965 τοδςἝλληνας
1101 877 1238 948 ἐ’παινον
1352 895 1358 903 ’

204 987 289 1112 ύπέρ
307 992 367 1055 τού
384 984 424 1054 τὸ
442 981 532 1072 ύδωρ
552 983 776 1070 ἐπαγαγόντος
793 985 848 1050 καὶ
872 979 1056 1069 ἀπολογίαν
1077 978 1161 1071 ύπέρ
1178 988 1242 1070 τής

205 1089 282 1158 τότε
299 1094 415 1178 φυγής.
442 1085 563 1177 ήδηδέ,
578 1082 829 1212 ἀμελούμενος
812 1111 859 1175 οφ
880 1082 1104 1154 ἁπάντωνκαὶ
1117 1082 1237 1174 μηκέθ

206 1191 331 1279 ὁμοίιος
348 1217 412 1282 περ
415 1185 611 1278 ί-’βλεπτος
584 1216 685 1257 ων-
643 1188 836 1256 -όωλα
800 1214 862 1277 γαρ
876 1180 915 1276 ήν
929 1185 1062 1257 ἅπαντα
1074 1189 1131 1255 καί
1142 1185 1242 1285 ούδέν

206 1294 255 1363 ἐτι
272 1307 474 1385 καινουργεῖν
492 1278 677 1374 ἐδύνατο,’
662 1317 706 1380 ιφ
731 1287 797 1380 ὅτῳ
817 1289 971 1379 ἐκπλήξει
987 1288 1066 1369 τούς
1088 1289 1242 1378 ἐντυγχά-

205 1422 321 1478 νοντας
337 1400 394 1466 καί
410 1395 598 1481 θαυμάζειν
620 1393 785 1483 καὶπρὸς
807 1390 908 1461 αύτὸν
930 1391 1136 1480 ἀποβλέπειν
1159 1418 1242 1462 που·

206 1499 291 1587 ήσει,
312 1490 416 1590 οὗπερ
431 1495 498 1580 ἐξ’
479 1504 579 1587 αρχής
593 1498 710 1583 δριμύν
723 1523 797 1565 τινα
811 1496 918 1586 ἔρωτα
932 1494 1014 1582 έρων
1028 1494 1179 1584 ἐτύγχανε
1196 1535 1241 1547 -

205 1599 244 1670 τὸ
265 1605 455 1670 τελευταῖον
476 1607 575 1669 τοῦτο
596 1601 750 1688 τόλμημα
773 1598 992 1686 ἐβουλεύσατο
1014 1597 1063 1697 τό
1081 1601 1160 1687 περὶ
1180 1605 1242 1686 τής

207 1710 330 1793 πυρᾶς,
358 1706 414 1770 καλ
438 1704 573 1770 διέδωκε
595 1703 692 1789 λόγου
715 1702 749 1781 ἐς
774 1701 851 1782 τούς
866 1698 1021 1790 Ἕλληνας
1048 1697 1152 1781 εὐθὺς
1179 1697 1238 1769 ἀπ’

204 1803 385 1891 Ὀλυμπίων
402 1812 469 1874 τῶν
488 1804 681 1892 ἔμπροσθεν
699 1801 746 1884 ὥς
763 1804 797 1885 ἐς
813 1803 953 1873 τούπιὸν
967 1805 1096 1872 καύσων
1109 1803 1241 1873 ἑαυτόν.

156 1930 189 1978 τι
259 1911 326 1977 Καὶ
343 1915 397 1977 νῦν
416 1904 501 1976 αύτδι
518 1914 623 1977 ταῦτα
640 1913 908 1993 θαυματοποιεῖ,
929 1903 975 1987 ιάς
992 1930 1092 1995 φασι,
1110 1907 1242 1996 βόθρον

209 2008 355 2099 ὀρύττων
375 2013 433 2079 καλ
454 2011 534 2093 ξύλα
556 2012 760 2098 συγκομίζων
780 2014 837 2078 καὶ
860 2010 968 2099 δεινήν
989 2037 1063 2078 τινα
1081 2009 1144 2099 τήν
1160 2035 1242 2099 καρ-

207 2120 318 2203 τερίαν
343 2111 612 2198 ύπισχνούμενος.
659 2112 752 2204 ἐχρήν
780 2114 830 2194 δὲ,
864 2110 971 2198 οἶμαι,
1004 2113 1151 2199 μάλιστα
1181 2114 1242 2198 μέν

206 2223 395 2306 περιμένειν
412 2214 469 2286 τὸν
486 2216 636 2285 θάνατον
652 2220 708 2284 καί
725 2214 770 2305 μή
790 2216 1001 2307 δραπετεύειν
1019 2215 1056 2283 ἐκ
1070 2222 1130 2284 τοῦ
1148 2220 1241 2303 βίου·

160 2329 169 2337 ’
209 2319 239 2388 εί
257 2321 293 2387 δέ
311 2322 366 2387 καί
383 2321 517 2399 πάντως
536 2319 712 2407 διέγνωστό
732 2319 765 2387 ολ
783 2316 1074 2401 ἀπαλλάττεσθαι,
1094 2316 1139 2407 μή
1158 2322 1243 2409 πυρὶ

138 2440 147 2447 ’
207 2423 291 2510 μηδέ
303 2434 374 2501 τοῖς
387 2418 457 2490 ἀπὸ
470 2428 528 2510 τής
536 2422 722 2510 τραγῳδίας
733 2422 866 2501 τούτοις
875 2428 1034 2510 χρῆσθαι,
1050 2418 1119 2490 ἀλλ’
1130 2420 1243 2508 ἐτερόν

207 2549 282 2593 τινα
300 2524 448 2592 θανάτου
460 2525 601 2614 τρόπον,
620 2529 746 2612 μυρίων
764 2520 875 2607 όντων,
895 2523 1047 2610 ἑλόμενον
1066 2521 1242 2601 ἀπελθεῖν.

209 2626 240 2695 εί
258 2627 294 2694 δέ
311 2626 422 2695 καὶτὸ
441 2633 508 2715 πύρ
528 2623 573 2711 ἀμ
587 2624 772 2716 Ἡράκλειόν
789 2654 824 2695 τι
841 2622 1038 2711 ἀσπάζεται,
1057 2634 1092 2696 τί
1102 2628 1143 2716 δή
1156 2652 1243 2696 ποτε

120 2743 127 2757 ’
209 2726 281 2813 ούχλ
298 2728 382 2797 κατὰ
400 2729 493 2818 σιγήν
511 2726 698 2815 ἐλόμενος”
677 2753 755 2816 ορος
768 2726 939 2819 εύδενδρον
952 2730 985 2798 ἐν
1000 2730 1109 2819 ἐκείνῳ
1124 2727 1244 2799 ἑαυτὸν

210 2831 425 2921 ἐνέπρησε’
380 2846 494 2917 μονος;
511 2831 567 2901 ἐνα
583 2858 658 2900 τινα
672 2831 708 2900 ο
707 2858 743 2902 ον
757 2839 895 2937 Θεαγένη
908 2839 1025 2902 τοῦτον
1041 2833 1244 2922 Φιλοκτήτην

208 2935 429 3022 παραλοβιόνς
453 2930 577 3003 όδὲέν
591 2932 750 3024 Ὀλυμπίᾳ
769 2942 829 3062 τῆς
850 2937 1063 3031 πανηγύρεως
1085 2934 1244 3024 πληθού-

210 3059 270 3123 σης
290 3037 391 3122 μόνον
413 3033 471 3105 οάκ
493 3037 551 3106 ἐπὶ
573 3045 689 3127 σκηνῆς
711 3037 853 3128 όπτήσει
875 3038 1000 3122 ἑαυτὸν,
1026 3036 1085 3108 ούκ
1108 3036 1244 3121 ἀνάξιος

211 3136 256 3208 ὢν
273 3138 321 3225 μά
338 3140 394 3210 τὸν
408 3130 577 3230 Ἡρακλέα,
602 3143 635 3210 εἰ’
653 3169 689 3229 γε
704 3142 765 3232 χρὴ
787 3145 843 3211 καὶ
863 3141 942 3222 τούς
963 3146 1130 3233 πατραλυί
1130 3168 1169 3223 ας
1116 3143 1247 3210 ίκαλ

208 3268 285 3323 τους
312 3240 437 3325 ἀθέους
459 3246 550 3325 δίκας
573 3246 702 3314 διδόναι
726 3252 792 3314 τῶν
817 3247 1045 3335 τολμημάτων.
1075 3243 1267 3313 καὶκατὰ

208 3352 305 3414 τούτο
323 3348 411 3415 πάνυ
431 3344 497 3434 ὀψὲ
515 3347 650 3438 δρᾶν’
612 3347 692 3416 αυτδ
711 3349 823 3430 ἐὀιιιεν,
843 3348 880 3418 ὃν
898 3348 991 3437 ἐχρήν
1009 3349 1117 3417 πάλαι
1134 3345 1168 3427 ές
1183 3344 1244 3415 τδν

208 3473 268 3516 του
254 3448 485 3536 Φαλάριδος
488 3456 607 3574 ταήρον
621 3450 853 3536 ἐμπεσόντα
819 3478 877 3540 την
892 3449 987 3534 ἀξίαν
1000 3449 1241 3534 ἀποτετικέναι,

140 3640 141 3647 ¹
209 3547 344 3619 ἀλλὰ
304 3578 349 3639 μη
365 3548 458 3634 ἀπαξ
468 3553 607 3636 χανόντα
619 3578 705 3640 προς
713 3581 770 3642 την
780 3551 1058 3646 φλόγαένάκαρεῖ
1069 3554 1243 3623 τεθνάναι.

208 3652 346 3745 καὶγὰρ
369 3645 411 3723 αά
428 3657 485 3722 καὶ
505 3655 583 3724 τόδε
605 3656 638 3725 ολ
659 3660 781 3725 πολλοί
800 3682 861 3742 μοι
883 3654 1091 3746 λέγουσιν’
1065 3684 1111 3739 ιος
1133 3653 1244 3737 ούδελς

210 3754 362 3846 ὀξύτερος
380 3754 479 3839 ἀλλος
496 3760 646 3829 θανάτου
663 3761 790 3848 τρόπος
806 3767 867 3829 τοῦ
889 3759 947 3830 διὰ
965 3761 1086 3849 πυρός·
1110 3757 1243 3843 ἀνοῖξαι

158 3880 192 3929 22
209 3858 271 3950 γὰρ
289 3861 401 3929 ἀεί’
356 3887 458 3947 μονον
474 3860 513 3931 τὸ
532 3865 640 3950 στόμα
656 3867 711 3932 καὶ
730 3861 847 3933 αύτίκα
868 3865 1036 3934 τεθνάναι
1072 3891 1112 3933 το
1097 3863 1244 3965 Ιμέντοι

209 3967 323 4053 θέαμα
341 3965 532 4048 ἐπινοεῖται,
552 3964 701 4053 οῖμαι,’
676 3994 721 4048 ως
740 3966 865 4054 σεμνὸν,
886 3968 919 4037 ἐν
938 3969 1015 4059 ἱερῷ
1030 3974 1143 4056 χωρίῳ
1161 3966 1244 4037 καό·

208 4089 305 4150 μένος
322 4062 517 4160 ἀνθρωπος,
542 4069 626 4139 ἐυθα
642 4072 726 4159 μηδὲ
744 4068 930 4143 θάπτειν”
910 4098 1003 4142 οοιον
1023 4071 1103 4153 τοὺς
1120 4066 1245 4154 ἀλλους
