2792 4580
16 444 23 831 ι

231 234 355 293 LXXH.
381 236 401 275 ὖ
417 235 520 292 ΠΕΡΙ
536 236 622 291 ΤΗΣ
637 235 797 291 ΣΥΡΙΗΣ
815 236 932 292 ΘΕΟΥ
949 236 1070 292 19-22.
1105 223 1170 290 ‘227

130 341 173 414 τὸ
190 344 308 430 τρῶμα
326 341 410 429 ίήτο.
436 338 520 426 μετδι
538 342 576 409 δέ
593 337 639 421 ὥς
655 368 713 427 μιν
726 337 936 431 ὁδοιπορέειν
949 339 1069 423 ἐδόκεε,
1088 338 1173 411 ἀπι-

133 446 272 532 κόμενος
289 442 324 523 ές
340 441 398 511 τὸν
414 447 555 529 βασιλέα
576 446 710 512 πολλῶν
726 443 918 535 παρεόντων
940 445 1084 543 διδοίθτε
1101 440 1172 530 ἅμα
1235 532 1244 538 ,
1371 454 1372 507 Ὺ

81 602 87 609 -
133 546 173 617 τὸ
188 544 325 635 ἀγγήιον
337 548 394 613 καί
405 548 493 633 λέγει
505 536 586 614 ὦδε·
601 537 654 613 “ὦ
670 547 827 631 δέσποτα,
846 548 924 615 τάδε
936 573 997 633 μοι
1008 553 1094 637 μέγα
1104 572 1173 617 κει-

133 652 252 739 μήλιον
275 647 309 716 έν
329 660 420 716 τοῖσι
442 648 599 736 οίκηίοισι
620 645 793 733 ἀπενέετο,
816 649 854 720 τὸ
878 649 942 737 έγώ
964 652 1070 741 κάρτα
1089 650 1171 721 έπέ-

133 761 233 822 θευν·
254 756 310 819 νύν
327 751 365 819 δέ
382 749 458 819 έπελ
474 752 617 841 μεγάλην
635 748 714 820 ὁδὸν
732 751 883 841 ἔρχομαι,
907 751 1002 844 παρὰ
1021 754 1076 821 σοὶ
1092 753 1172 821 τάδε

134 855 303 945 θήσομαι,
332 854 372 921 σύ
396 854 434 921 δέ
449 879 507 940 μοι
527 850 705 944 ἀσφαλέως
723 854 822 939 ’ἔχειν’
843 857 922 925 τόδε
938 857 1001 944 γάρ
1018 881 1079 941 μοι
1093 882 1172 946 χρυ-

135 964 198 1028 σού
215 960 376 1046 βέλτερον,
399 957 477 1025 τάδε
494 983 553 1043 μοι
570 964 679 1048 ψυχῆς
697 956 777 1049 ἐμῇς
798 956 961 1042 ἀπάξιον.
998 949 1062 1025 εὖτ’
1078 955 1118 1027 ἀν
1136 958 1173 1026 δὲ

135 1057 319 1145 ἀπίκωμαι,
340 1064 428 1128 σῶον
440 1050 535 1140 αύτις
548 1057 766 1146 ἀποίσομαι.”
791 1058 811 1128 δ
830 1062 867 1129 δέ
881 1061 1059 1147 δεξάμενος
1076 1058 1169 1150 ἑτέρη

16 1224 18 1231 .
135 1163 295 1254 σφρηγῖδι
313 1160 506 1250 ἐσημαίνετο
523 1166 579 1230 καί
596 1175 687 1231 τοῖσι
703 1167 841 1252 ταμίῃσι
859 1169 1032 1253 φρουρέειν
1055 1161 1173 1231 ένετεί-

136 1269 228 1334 λατο.
259 1320 262 1325 .

98 1386 102 1391 “
186 1367 367 1452 Κομβάβος
383 1368 442 1450 μέν
465 1358 510 1435 ὦν
531 1366 570 1436 τὸ
595 1366 665 1437 ἀπὸ
687 1370 785 1456 τούδε
807 1365 962 1457 ἀσφαλέα
985 1365 1063 1436 ὁδὸν
1079 1361 1170 1457 ήνυε·
1189 1388 1222 1438 21

16 1524 18 1549 f
134 1469 335 1555 ἀπικόμενοι
353 1470 389 1536 δέ
413 1468 446 1549 ἐς
462 1468 521 1558 τήν
544 1469 622 1559 ἱρήν,
637 1472 737 1540 πόλιν
761 1472 891 1560 σπουδῇ
913 1469 970 1539 τὸν
987 1468 1064 1559 νηὸν
1082 1469 1173 1537 οἰκο-

16 1574 17 1577 ’
136 1573 258 1658 δάμιον
282 1574 339 1638 ναί
366 1578 465 1661 σφίσι
490 1577 567 1660 τρία
593 1572 669 1640 έτεα
695 1573 729 1642 έν
750 1581 798 1662 τῷ
825 1573 908 1662 ἐ’ργφ
937 1572 1111 1661 ἐξεγένετο,
1140 1571 1173 1640 έν

16 1674 17 1677 '
135 1688 228 1743 τοῖσι
250 1671 410 1759 ἀπέβαινε
431 1675 538 1764 τάπερ
562 1671 580 1742 ὁ
598 1677 779 1762 Κομβάβος
801 1674 962 1766 ἀρριύδεε·
988 1673 1175 1764 ήΣτρατο*

16 1860 18 1873 ἱ
122 1782 208 1866 ,νίκη
225 1774 287 1864 γὰρ
304 1776 422 1866 χρόνον
439 1774 497 1844 ἐπὶ
510 1776 635 1845 πολλὸν
649 1779 806 1847 συνεόντα
819 1806 876 1864 μιν
888 1782 1031 1846 ποθέειν
1043 1774 1172 1867 ήρχετο,

16 1914 18 1949 ε
136 1877 222 1967 μετὰ
245 1880 282 1946 δέ
304 1878 337 1946 ol
358 1881 414 1945 καὶ
434 1879 539 1966 κάρτα
561 1879 758 1968 ἐπεμήνατο.
794 1885 849 1949 καὶ
872 1884 1005 1969 λέγουσι
1027 1879 1060 1957 οἱ
1083 1878 1117 1947 έν
1133 1885 1173 1967 τῇ

139 1983 194 2072 ίρῇ
217 1982 300 2050 πόλι
325 1978 383 2069 τήν
398 1976 497 2068 Ἥρην
522 1983 649 2050 τούτων
677 1985 785 2072 αἰτίην
808 1981 991 2050 ἐθέλουσαν
1016 1986 1175 2069 γενέσθαι

16 2090 17 2093 ’
136 2084 317 2170 Κομβάβον
334 2083 394 2168 μέν
411 2081 535 2152 ἐσθλὸν
553 2084 651 2152 ἐόντα
668 2087 804 2152 λαθέειν
821 2082 971 2172 μηδαμὰ,
994 2089 1174 2170 Στρατονί-

136 2216 195 2276 κην
214 2189 251 2255 δέ
267 2193 434 2255 τίσασθαι
452 2183 505 2254 ὅτι
523 2184 562 2254 ού
581 2187 718 2277 ῥηιδίως
734 2184 792 2254 τὸν
805 2184 882 2273 νηὸν
895 2182 1066 2268 ύπέσχετο.
1101 2181 1174 2273 ἡδὲ
1193 2206 1227 2254 22

136 2289 256 2375 τὰμὲν
274 2296 393 2379 πρώτα
412 2287 598 2379 έσωφρόνεε
615 2292 671 2356 καί
688 2287 879 2377 τὴν.νούσον
897 2287 1051 2375 έκρυπτε·
1073 2282 1121 2365 ὥς
1139 2287 1176 2353 δέ
1195 2296 1200 2301 ’

139 2394 174 2462 οἱ
189 2392 229 2462 τὸ
246 2390 346 2460 κακὸν
362 2393 460 2477 μέζον
477 2388 613 2481 ἡσυχίης
631 2391 756 2479 ἐγένετο
761 2443 770 2475 ,
795 2390 829 2471 ές
851 2389 995 2480 έμφανές
1023 2388 1176 2479 ἐτρύχετο

137 2500 290 2565 κλαίεσκέ
306 2520 343 2562 τε
365 2492 406 2562 δι’
421 2491 543 2583 ἡμέρης
560 2498 616 2562 καί
632 2494 814 2581 Κομβάβον
836 2489 1042 2574 ἀνεκαλέετο,
1065 2497 1123 2559 καί
1141 2493 1175 2560 οἱ

137 2600 251 2669 πάντα
269 2587 449 2683 Κομβάβος
466 2588 515 2685 ἦν.
546 2601 640 2678 τέλος
658 2599 695 2665 δέ
713 2594 942 2685 ἀμηχανέουσα
959 2601 1000 2685 τῇ
1019 2601 1174 2684 συμφορῇ

139 2700 310 2788 εὐπρεπέα
328 2698 460 2787 ἀκεσίην
479 2700 617 2789 έδίζητο.
646 2696 736 2788 ἀλλφ
754 2700 814 2786 μέν
832 2690 878 2766 ὦν
895 2696 953 2767 τὸν
972 2697 1079 2788 έρωτα
1092 2693 1176 2782 δμο-

138 2809 267 2892 λογέειν
286 2803 501 2893 ἐφυλάσσετο,
522 2801 604 2892 αὐτή
624 2803 661 2870 δὲ
675 2801 868 2891 ἐπιχειρέειν
880 2798 1005 2891 ῇδέετο.
1033 2798 1178 2868 ἐπινοέει

140 2899 189 2975 ὦν
205 2906 334 2986 τοιάδε,
360 2906 439 2992 σ’ίνῳ
458 2904 581 2994 ἑωυτήν
598 2905 779 2991 μεθύσασα
801 2904 836 2984 ές
856 2905 975 2993 λόγους
993 2903 1027 2971 οἱ
1049 2901 1177 2971 έλθεῖν·

140 3006 213 3095 ἅμα
236 3009 272 3076 δέ
295 3009 374 3095 σίνφ
399 3006 523 3075 ἐσιόντι
545 3014 713 3095 παρρησίη
731 3032 768 3075 τε
791 3006 958 3094 έσέρχιται
975 3008 1031 3073 καί
1052 3002 1072 3094 ή
1090 3003 1178 3073 ἀπο-

139 3118 235 3199 τυχίη
260 3108 298 3179 ού
321 3110 426 3200 κάρτα
448 3108 579 3198 αἰσχρὴ,
604 3107 689 3177 ἀλλὰ
709 3115 775 3177 τῶν
796 3114 1034 3196 πρησσομένων
1057 3107 1179 3175 έκαστα

141 3215 178 3295 ές
195 3211 329 3302 ἀγνοιαν
348 3210 536 3301 ἀναχωρέει.
564 3209 611 3291 ὥς
630 3212 668 3278 δέ
681 3212 714 3279 οί
728 3210 847 3292 έδόκεε,
867 3213 922 3277 καὶ
935 3208 1049 3278 έποίεε
1056 3212 1177 3277 ταῦτα.

137 3322 200 3387 καὶ
218 3315 293 3385 ἐπεὶ
311 3315 346 3383 ἐκ
364 3317 499 3383 δείπνου
519 3313 674 3402 ἐγένοντο,
695 3311 877 3400 ἀπικομένη
897 3310 931 3392 ές
947 3310 991 3379 τά
1005 3310 1125 3399 οἰκήια,
1146 3308 1179 3377 έν

137 3432 234 3491 τοῖσι
245 3419 425 3505 Κομβάβος
442 3415 600 3507 ηύλίζετο,
620 3415 769 3486 έλίσσετό
787 3441 824 3484 τε
842 3419 898 3482 καί
913 3415 1039 3504 γούνων
1053 3409 1180 3502 ήπτετο

140 3519 282 3594 καὶτὸν
309 3521 416 3612 ἐ’ρωτα
443 3519 624 3608 ιύμυλύγεε·
654 3517 671 3588 δ
700 3520 737 3588 δέ
762 3517 882 3588 τόντε
908 3518 1005 3606 λόγον
1028 3514 1180 3607 ἀπηνέως

142 3623 326 3698 ἀπεδέκετο
344 3618 400 3691 καί
420 3616 459 3692 τύ
483 3623 575 3711 ἔργον
596 3618 745 3712 ἠναίνετο
766 3627 825 3689 καί
846 3621 880 3689 οί
900 3620 958 3710 τήν
981 3626 1090 3708 μέθην
1112 3618 1181 3686 ένε-

141 3729 252 3799 κάλεε.
293 3726 513 3814 ἀπειλεούσης
540 3728 577 3793 δέ
602 3731 687 3813 μέγα
712 3752 747 3793 τι
771 3725 870 3795 κακὸν
896 3724 1019 3811 ἑωυτήν
1047 3720 1197 3810 έργάσε-’

144 3838 247 3913 σθαι,
272 3833 385 3912 δείσας
401 3830 513 3899 πάντα
531 3828 564 3896 σί
580 3828 676 3915 λύγον
695 3827 794 3916 ’έφηνε
810 3829 866 3894 καί
888 3831 1001 3894 πᾶσαν
1023 3823 1080 3913 τὴν
1098 3822 1181 3890 έωυ·

131 3941 206 4005 ,τοῦ
228 3935 346 4024 πάθην
369 3926 571 4023 ἀπηγήσατο
584 3934 641 3999 καί
661 3929 700 3998 τὸ
724 3929 817 4018 έργον
839 3927 873 4009 ές
899 3927 1043 4019 ἐμφανές
1063 3920 1179 4016 ήνεαιε.
1283 4014 1287 4017 v

145 4038 269 4108 ἰδοῦσα
292 4040 328 4108 δέ
349 4036 369 4131 ή
391 4041 589 4129 Στρατονίκη
610 4032 653 4104 τδι
680 4030 795 4103 ούκοτε
815 4028 1100 4189 ήλπετο,15μανίης
1121 4029 1181 4116 μέν
