2748 4572
341 235 420 292 ῙιΙΧ.
446 226 547 291 ΠΕΡΙ
568 236 792 292 ΔῙΔΒΟΔΗΣ
813 238 838 291 1.
855 238 881 292 2.
1083 226 1126 292 61

85 347 252 429 κεηιίνης,
276 339 298 426 ἣ
316 336 391 408 οῦτε
409 337 490 424 αῦτη
508 348 574 408 τῶν
591 347 719 429 κριθῶν
737 340 849 410 ἐσθίει
867 327 944 409 δῦτε
959 348 1008 430 τῷ
1025 342 1125 431 ίππηι

14 490 15 523 η
87 443 276 529 ἐπιτρέπει.

13 624 14 639 ¹
145 553 257 614 Ταῦτα
273 545 312 612 τό
330 568 368 632 γε
382 553 439 615 νῦν
461 542 545 614 εἶναι
561 544 646 633 ῦπέρ
668 547 777 632 μόνων
798 553 863 615 τῶν
879 546 1019 632 βιβλίων
1036 572 1128 635 παρ.

13 646 14 727 ἶ
87 649 292 740 ρησιάζομαι
309 646 395 736 πρὸς
413 650 460 729 σέ,
480 651 560 735 περὶ
578 649 614 715 δέ
626 656 693 715 τῶν
708 646 815 725 ἀλλων
829 645 893 717 όοα
907 650 1126 718 κατάπτυστα

13 754 14 793 ³
86 754 144 820 καί
162 750 376 820 ἐπονείδιστα
393 762 513 832 ποιεῖς,
533 742 636 830 αὖθις
653 747 778 840 ἀκούσῃ
796 752 968 832 πολλάκις.
1038 839 1041 843 ,

165 991 422 1092 Ποντικόν
446 999 525 1065 ΜΗ
551 999 734 1091 Ρηαιαε
761 998 1047 1067 mmmm

139 1113 141 1117 ¹
367 1180 372 1187 ,
482 1110 734 1202 ΔΙΑΒΟΛῌ.
878 1135 881 1139 v

62 1292 66 1299 ·
90 1322 99 1327 -
142 1264 260 1333 Δεινόν
281 1287 318 1350 γε
333 1259 355 1350 ἦ
377 1258 493 1349 ἀγνοια
509 1266 565 1330 καί
583 1266 717 1331 πολλῶν
733 1272 839 1331 κακῶν
857 1261 1054 1350 ἀνθρώποις
1072 1264 1125 1331 al-
1142 1286 1158 1334 1

90 1372 160 1448 τία,
187 1362 303 1452 ῶσπερ
327 1363 425 1447 ἀχλύν
446 1391 521 1433 τινα
537 1371 742 1449 καταχέουσα
761 1373 828 1434 τῶν
849 1367 1054 1453 πραγμάτων
1069 1370 1126 1433 καὶ

62 1468 68 1479 ’
90 1469 147 1557 τὴν
166 1466 329 1556 ἀλήθειαν
348 1465 544 1557 ἀμαυροῦσα
562 1468 690 1535 καὶτὸν
709 1467 845 1534 ἑκάστου
868 1473 941 1551 βίον
961 1467 1126 1554 ἐπηλυγά-

91 1573 203 1653 ζουσα.
249 1569 283 1638 έν
309 1571 417 1658 σκότῳ
447 1577 525 1657 γοῦν
555 1574 781 1654 πλανωμένοις
810 1571 932 1649 πάντες
963 1568 1122 1654 ἐοίκαμεν,

90 1666 215 1759 μᾶλλον
235 1673 271 1739 δὲ
282 1677 423 1761 τυφλοῖς
436 1669 537 1757 όμυια
549 1674 778 1758 πεπόνθαμεν,
797 1680 845 1759 τῶ
858 1674 917 1756 μὲν
935 1678 1126 1760 προσπταί-

43 1792 47 1795 ’
91 1800 183 1854 οντες
198 1771 347 1861 ἀλόγως,
375 1774 413 1842 τὸ
436 1771 468 1842 δ’
489 1771 741 1860 ὑπερβαίνοντες
767 1772 861 1842 οῦδὲν
885 1777 973 1855 δέον,
1002 1778 1057 1841 καί
1083 1773 1125 1842 τὸ

90 1879 150 1962 μὲν
167 1870 310 1965 πλησίον
328 1879 384 1944 καί
401 1876 494 1966 παρὰ
511 1879 622 1957 πόδας
640 1876 698 1961 οῦχ
715 1875 867 1967 δρῶντες,
892 1876 930 1944 τό
951 1878 987 1945 δὲ
1005 1878 1122 1964 πόρρω

90 1982 148 2049 καὶ
164 1980 327 2063 πάμπολυ
341 1979 517 2068 ’διεστηκὸς
540 1977 585 2058 ῶς
604 1979 753 2063 ἐνοχλοῦν
772 1981 932 2057 δεδιότες·
960 1982 1015 2046 καὶ
1038 1976 1125 2059 όλως

92 2079 144 2170 ἐφ’
157 2072 295 2149 ἑκάστου
312 2088 379 2149 τῶν
396 2087 630 2169 πραττομένων
653 2080 690 2148 οῦ
715 2084 928 2176 διαλείπομεν
950 2080 992 2148 τὰ
1014 2080 1125 2147 πολλὰ

93 2180 339 2263 ὀλισθάνοντος.
375 2180 546 2273 τοιγάρτόι
563 2190 683 2271 μυρίας
706 2181 767 2272 ἤδη
785 2196 856 2261 τοῖς
877 2184 1127 2271 τραγῳδοδιδα-

92 2285 231 2364 σκάλοις
248 2282 400 2375 ἀφορμὰς
417 2285 451 2365 ἐς
466 2286 509 2354 τά
528 2288 679 2372 δράματα
695 2285 734 2353 τὸ
752 2292 885 2352 τοιοῦτο
907 2290 1121 2370 παρέσχηται,

92 2385 174 2466 τοῦς
181 2389 394 2474 Λαβδακίδας
406 2392 461 2456 καί
474 2387 551 2468 τοὺς
559 2389 748 2468 Πελοπίδας
761 2391 816 2455 καὶ
824 2386 865 2455 τὰ
874 2388 1004 2465 τούτοις
1014 2411 1125 2473 παρα-

91 2490 233 2576 πλήσια·
252 2489 366 2572 σχεδὸν
383 2490 445 2581 γὰρ
462 2489 506 2559 τὰ
522 2495 665 2579 πλεῖστα
677 2499 742 2558 τῶν
761 2491 794 2558 ἐν
811 2498 851 2580 τῇ
870 2497 968 2579 σκηνῇ
985 2487 1124 2573 ἀναβαι-

9 2648 10 2651 ,
90 2590 213 2658 υόντων
230 2600 336 2660 κακῶν
355 2588 446 2679 εῦροι
462 2618 514 2672 τις
532 2591 571 2661 ἀν
585 2590 652 2661 ὑπὸ
666 2600 725 2681 τῆς
739 2591 872 2681 ἀγνοίας
885 2593 1041 2678 καθάπερ
1055 2589 1126 2659 ῦπό
1192 2600 1196 2611 “

9 2704 11 2785 ᾖ
89 2701 246 2780 τραγικοῦ
263 2721 352 2774 τινος
369 2696 525 2780 δαίμονος
536 2702 783 2784 κεχορηγημένα.
814 2698 896 2782 λέγω
916 2696 1021 2760 δὲκαὶ
1035 2693 1124 2772 ἐςτὰ

9 2794 11 2887 }
91 2792 175 2865 ἀλλα
187 2797 247 2881 μέν
261 2794 472 2882 ἀποβλέπων,
487 2799 632 2883 μάλιστα
646 2800 682 2865 δέ
696 2797 729 2878 ἐς
741 2797 801 2877 τὰς
817 2796 875 2864 σῦκ
888 2794 1028 2884 ἀληθεῖς
1041 2794 1125 2861 κατὰ

89 2904 154 2965 τῶν
173 2899 329 2986 συνήθων
345 2902 401 2966 καί
418 2904 525 2989 φίλων
544 2899 714 2986 διαβολὰς,
739 2898 794 2989 ἀφ’
811 2891 857 2968 ῶν
879 2896 940 2987 ἤδη
963 2902 1019 2966 καὶ
1038 2896 1124 2965 οίκσι

9 3068 11 3087 ,
90 2997 272 3068 ἀνάστατοι
283 3002 435 3088 γεγόνασι
447 3006 503 3069 καί
516 3003 633 3081 πόλεις
646 3000 747 3090 ἀρδην
757 2999 963 3082 ἀπολώλασι,
980 3007 1135 3090 πατέρες

9 3122 11 3165 1
88 3127 125 3168 τε
141 3101 229 3171 κατὰ
246 3104 377 3171 παίδων
395 3102 594 3190 ἐξεμάνησαν
617 3107 673 3171 καὶ
695 3102 837 3192 ἀδελφοί
853 3103 937 3171 κατὰ
959 3111 1024 3170 τῶν
1042 3102 1124 3187 δμο-

89 3211 190 3290 γενῶν
208 3208 265 3271 καὶ
281 3207 401 3286 παῖδες
418 3204 501 3273 κατὰ
518 3212 584 3273 τῶν
600 3211 794 3292 γειναμένων
812 3210 867 3272 καὶ
885 3205 1022 3291 ἐρασταὶ
1039 3204 1122 3271 κατὰ
1201 3206 1206 3225 “

90 3313 155 3374 τῶν
179 3306 364 3392 ἐρωμένων·
392 3311 515 3376 πολλαὶ
537 3309 573 3376 δέ
595 3311 652 3373 καί
678 3311 792 3396 φιλίαι
818 3308 1042 3394 συνεκόπησαν
1069 3309 1125 3373 καὶ

91 3403 184 3495 όρκοι
203 3411 430 3498 συνεχύθησαν
447 3407 515 3494 ῦπὸ
537 3416 596 3497 τῆς
613 3409 696 3478 κατὰ
714 3408 773 3490 τὰς
796 3407 953 3494 διαβολὰς
976 3410 1124 3478 πιθανό-

89 3535 199 3598 τητος.

9 3636 11 3667 ¹
132 3607 187 3680 ‘'Iv'
209 3603 266 3680 οῦν
293 3639 338 3693 ως
364 3610 482 3703 ἥκιστα
507 3620 762 3701 περιπίπτωμεν
790 3613 919 3697 αὐταῖς,
946 3613 1157 3695 ῦποδεῖξαιε
1220 3656 1229 3664 ’

87 3714 255 3799 βσόλομαι
270 3722 318 3802 τῷ
337 3717 424 3804 λόγῳ
442 3718 599 3807 καθάπερ
618 3717 676 3785 ἐπί
692 3728 781 3797 τινος
802 3727 931 3806 γραφῆς
953 3716 1073 3785 όποῖόν
1089 3722 1125 3783 τί

89 3813 178 3884 ἐστιν
196 3813 216 3902 ἡ
237 3817 377 3906 διαβολὴ
392 3821 448 3885 καὶ
466 3820 575 3885 πόθεν
594 3816 729 3906 άρχεται
745 3823 801 3886 καὶ
819 3818 923 3889 ὁποῖα
942 3820 1121 3906 ἐργάζεται.

57 3958 61 3961 -
87 3920 214 4000 μᾶλλον
237 3919 274 3986 δέ
292 3917 447 4008 Ἀπελλῆς
469 3918 486 3988 ό
506 3918 656 4008 Ἐφέσιος
676 3921 786 3987 πάλαι
807 3922 926 4009 ταύτην
953 3919 1124 4008 πρυῦλαβε

11 4036 19 4063 ‘-
62 4017 144 4108 ,τὴν
166 4018 288 4097 εἰκόνα
324 4025 380 4090 καί
400 4021 462 4111 γὰρ
486 4014 526 4090 αῦ
544 4025 600 4091 καὶ
621 4013 720 4103 οὗτος
742 4024 938 4112 διαβληθείς
959 4024 1046 4114 πρὸς
1066 4023 1126 4093 τὸν
