2792 4580
257 236 364 292 LXXI.
390 237 650 295 ΣΥΜΠΟΣῙΟΗ
670 238 699 297 Η
720 239 904 296 ΔΑΠΙΘΑΙ
926 241 986 296 1.2.
1078 229 1146 295 203
1178 260 1181 263 ’

107 339 158 423 ὥς
175 340 218 410 σὺ
236 341 392 423 κελεύεις,
415 346 593 428 πέμψομεν
615 346 671 410 καί
692 350 752 410 τοῦ
767 350 904 431 χρυσίου
929 342 1058 415 ὁπόσον
1075 344 1148 417 οἶόν
1182 382 1185 391 2

107 447 215 512 τεκαὶ
232 445 565 532 προσδαπανήσομεν,
575 449 639 513 ,καὶ
653 441 739 526 ὅλως
752 443 845 515 οῦδὲν
859 446 1064 534 ἐλλείψομεν.
1090 451 1149 515 καί

109 544 208 614 αῦτολ
230 547 267 613 δὲ
288 543 448 636 ἀφέμενοι
469 553 528 614 τοῦ
550 545 634 614 κατὰ
655 553 767 635 τέχνην
794 545 920 634 ὁμιλεῖν
947 547 1024 638 ἡμῖν
1050 553 1147 639 φάει

109 647 184 717 άντί
200 649 422 717 κολάκωνκαλ
439 657 634 735 παρασίτων
652 650 809 719 έστωσαν.
838 648 884 732 ὥς
901 648 989 740 ἡμᾶς
1000 678 1038 739 γε
1052 651 1148 722 οῦδὲν

110 748 152 819 ἂν
170 751 343 820 αἰτιάσαιο
361 749 517 819 κάκείνων
533 750 575 819 τδι
595 753 711 820 δέοντα
728 767 838 824 ποιεῖν
857 754 1051 824 ἐθελόντων.
1148 768 1153 779 ’

246 1064 251 1075 ,
309 1007 620 1076 ΣΥΜΠΟΣΙΟΝ
641 1010 678 1075 Η
697 1009 941 1079 ΛΑΠΙΘΑῙ.

468 1146 563 1217 ΦΣΛῼΝ
582 1147 636 1188 KAI
653 1148 794 1190 Ammon.

162 1278 240 1335 ΦΙΛ.
272 1264 437 1350 Ποικίλην,
458 1253 485 1329 ὦ
504 1274 633 1346 Λυκῖνε,
654 1265 825 1354 διατριβήν
843 1291 929 1354 φασι
945 1273 1145 1355 γεγενῆσθαι
1164 1287 1180 1335 1

109 1365 188 1452 ύμῖν
207 1365 292 1449 χθὲς
314 1364 347 1433 έν
366 1361 605 1454 Ἀρισταινέτου
632 1365 726 1456 παρὰ
751 1366 790 1435 τὸ
818 1369 952 1436 δεῖπνον
973 1376 1030 1436 καί
1055 1395 1148 1450 τινας

110 1469 230 1554 λόγους
243 1467 459 1557 ’φιλοσόφους
477 1469 636 1556 εἰρῆσθαι
652 1471 709 1536 καλ
727 1468 794 1559 έριν
813 1468 850 1537 ού
870 1469 1008 1559 σμικράν
1027 1479 1148 1559 συστῆ-

111 1597 168 1639 ναι
195 1567 246 1637 έτό
268 1566 395 1652 αὐτοῖς,
424 1570 454 1637 ελ
482 1571 528 1641 δέ
543 1568 588 1660 μὴ
616 1570 775 1659 ἐψεύδετο
801 1583 960 1662 Χαρῖνος,
987 1576 1043 1640 καί
1070 1570 1147 1664 άχρι

111 1672 310 1762 τραυμάτων
335 1678 553 1762 προχωρῆσαι
582 1673 621 1742 τὸ
649 1681 788 1765 πρᾶγμα
817 1679 875 1743 καὶ
904 1679 998 1756 τέλος
1029 1676 1146 1762 αἵματι

112 1777 314 1863 διαλυθῆναι
330 1774 388 1863 τὴν
406 1781 591 1863 συνουσίαν.

163 1894 248 1949 ΛΥΚ.
274 1880 343 1945 Καὶ
358 1878 479 1961 πόθεν,
495 1870 522 1945 ὦ
539 1882 656 1961 Φίλων,
674 1877 841 1968 ἠπίστατο
853 1890 1005 1972 Χαρῖνος,
1025 1889 1146 1967 ταῦτα,

112 1976 151 2047 οῦ
169 1978 232 2069 γὰρ
251 1981 455 2050 συνεδείπνει
471 1978 548 2066 μεθ’
568 1979 671 2068 ἡμῶν.

127 2140 132 2146 .
165 2099 240 2153 ΦΙΛ.
276 2088 429 2151 Διονίκου
453 2082 517 2171 ’ἐφη
535 2091 594 2150 τοῦ
619 2084 734 2173 ἰατροῦ
753 2082 902 2153 άκοῦσαι.
939 2086 1092 2164 Διόνικος
1110 2086 1147 2153 δὲ

110 2187 168 2261 καὶ
187 2182 295 2267 αὐτὸς,
315 2182 419 2270 οἶμαι,
438 2192 504 2254 τῶν
523 2189 723 2255 συνδείπνων
740 2178 788 2276 ἦν.

128 2343 135 2351 .
165 2303 250 2358 ΛΥΚ
275 2291 342 2355 Καὶ
358 2289 466 2372 μάλα·
484 2284 522 2355 ού
540 2288 604 2376 μὴν
618 2288 653 2371 ἐξ
665 2285 766 2376 ἀρχῆς
782 2314 818 2375 γε
832 2285 905 2356 οὐδ’
917 2285 1018 2368 αότδς
1036 2285 1147 2356 άπασι

111 2395 324 2479 παρεγένετο,
353 2386 421 2457 ἄλλ’
442 2387 522 2477 ὀψὲ,
546 2393 711 2479 μεσούσης
728 2389 842 2475 σχεδὸν
863 2387 925 2479 ἤδη
948 2397 1007 2479 τῆς
1027 2391 1143 2479 μάχης,

112 2493 235 2580 ἐπέστη
260 2489 369 2579 ὀλίγον
391 2490 460 2580 πρὸ
482 2499 547 2560 τῶν
568 2495 775 2582 τραυμάτων.
816 2490 903 2561 ὥστε
924 2494 1088 2578 θαυμάζω
1116 2493 1150 2561 ελ

111 2622 147 2664 τι
173 2597 280 2684 σαφές
312 2595 418 2663 εἰπεῖν
445 2595 582 2663 ἐδύνατο
607 2595 653 2684 μὴ
680 2597 985 2685 παρακολουθήσας
1005 2595 1147 2676 έκείνοις

113 2696 173 2788 ἀφ’
194 2689 241 2765 ὧν
259 2693 423 2787 ἀρξαμένη
444 2697 477 2778 ές
493 2695 532 2766 τὸ
552 2696 636 2784 αἷμα
657 2697 862 2789 ἐτελεύτησεν
880 2695 1030 2788 αῦτοῖςὴ
1049 2701 1147 2788 ηνιλο-

113 2806 198 2869 νεικί
220 2853 229 2871 ,.

166 2918 241 2975 ΦΙΛ.
280 2907 473 2990 Τοιγαροῦν,
498 2892 675 2985 ὦΛυκῖνε,
699 2906 755 2971 καὶ
777 2901 957 2992 ῦΧαρῖνος
980 2901 1092 2986 αῦτδς,
1117 2902 1182 2972 είκ

110 3007 323 3092 βουλοίμεθα
339 3001 471 3091 τάληθῆ
494 3000 635 3072 άκοῦσαι
652 3008 708 3072 καί
730 3001 823 3086 ὅπως
842 3005 995 3095 ἐπράχθη
1015 3006 1145 3090 ἕκαστα,

111 3105 208 3194 παρὰ
237 3108 279 3179 ,σέ
309 3104 396 3194 ἡμᾶς
426 3102 514 3193 ἥκειν
545 3105 702 3174 ἐκέλευσε.
742 3106 881 3175 καὶτὸν
907 3110 1058 3178 Διόνικον
1083 3109 1147 3200 γὰρ

112 3206 214 3282 αὐτὸν
233 3208 339 3278 εἰπεῖν
358 3205 405 3288 ὥς
422 3205 522 3288 αῦτὸς
537 3209 597 3293 μέν
616 3205 654 3277 οῦ
673 3214 893 3299 παραγένοιτο
913 3206 1035 3293 ἅπασι,
1056 3214 1093 3279 σὲ
1112 3213 1152 3278 δὲ

112 3309 260 3401 ἀκριβῶς
282 3311 405 3379 εἰδέναι
425 3309 469 3379 τὰ
489 3315 684 3400 γεγενημένα
705 3315 767 3379 καί,
782 3309 859 3392 τοὺς
885 3312 1002 3400 λόγους
1028 3310 1169 3392 αὐτούς’

111 3411 156 3481 ἂν
170 3410 462 3502 ἀπομνημονεῦσαι
480 3411 539 3482 άτε
556 3412 601 3502 μὴ
619 3409 793 3504 παρέργως
809 3420 875 3484 τῶν
891 3415 1060 3500 τοιούτων,
1076 3411 1146 3482 ἄλλ’

111 3513 149 3583 ἐν
164 3518 306 3606 κσπουδῇ
333 3515 550 3607 ἀκροώμενον.
591 3513 679 3587 ὥστε
705 3516 764 3586 οῦκ
789 3515 830 3588 ἂν
857 3520 1005 3609 φθάνοις
1031 3518 1149 3588 ἑστιῶν

110 3613 201 3705 ἡμᾶς
226 3616 363 3708 ἡδίστην
387 3621 510 3710 ταύτην
532 3620 692 3704 ἑστίασιν,
720 3612 760 3710 ἧς
786 3619 845 3691 οῦκ
871 3620 948 3691 οἶδα
967 3628 1019 3702 τίς
1043 3619 1148 3711 ἡδέων
1262 3674 1265 3678 -

111 3719 241 3808 ἔμοιγε,
265 3725 321 3790 καλ
342 3722 488 3810 μάλιστα
510 3720 579 3811 όσηι
601 3725 760 3814 νήφοντες
781 3724 815 3793 ἒν
837 3726 946 3815 εἰρήνη
972 3727 1028 3791 καὶ
1053 3721 1149 3790 ύναι-

109 3827 204 3910 μωτί
219 3825 280 3907 ἔξω
298 3829 415 3911 βέλους
433 3825 670 3910 ἑστιασόμεθα,
686 3829 753 3895 εότε
769 3834 918 3917 γέροντες
931 3825 1148 3916 ἐπαρῴνησάν

109 3950 147 3995 τι
163 3926 259 4015 παρὰ
271 3926 310 3996 τὸ
329 3928 462 4001 δεῖπνον
480 3928 546 3996 ε’ίτε
563 3933 641 4011 νέοι,
661 3929 769 4023 εἰπεῖν
785 3956 821 3998 τε
840 3926 904 3998 ῦσα
921 3926 1038 4019 ἥκιστα
1053 3928 1146 4022 έχρῆν
1266 3964 1268 3971 ·

109 4024 182 4098 ὕπὸ
198 4036 260 4126 Ιτοῦ
279 4027 421 4125 ἀκράτου
440 4037 665 4122 προαχθέντες
681 4035 738 4103 καὶ
755 4035 892 4125 πρᾶξαι.
982 4120 986 4123 ¹
