2748 4572
227 223 271 290 48
477 220 483 237 ‘
615 239 871 295 Λουκιανοῦ

178 367 209 416 11
229 324 369 424 κάλλοος
393 370 429 412 τι
454 342 687 427 ἀπανθίζεται.
732 343 856 431 ἐγένετο
877 340 966 411 (κατὰ
992 341 1069 425 τοὺς
1095 344 1272 427 παλαιοὺς
1362 392 1363 453 η

172 474 174 478 ’
230 451 285 515 καὶ
306 447 384 535 γυνή
406 473 458 527 τις
481 443 655 532 δμιόνυμος
676 443 772 537 αὐτῇ,
801 448 961 536 ποιήτρια
987 447 1077 515 πάνυ
1101 446 1182 537 καλῆ
1205 452 1265 517 καὶ

230 549 334 641 σοφὴ,
358 552 414 617 καὶ
432 545 512 637 ἀλλη
531 549 646 639 ἑταίρα
667 557 734 617 τῶν
747 546 897 619 Ἀττικῶν
920 546 1098 638 ἐπιφανὴς,
1122 553 1201 639 περὶ
1222 541 1266 639 ῆς

126 716 134 731 x
228 656 284 721 καὶ
302 648 321 721 ό
339 650 482 737 κωμικὸς
499 651 640 742 ποιητὴς
658 651 731 741 ἔφη,
747 649 792 741 “ῆ
809 663 901 720 Μυῖα
919 651 1048 720 ἔδακνεν
1066 650 1167 720 αῦτδν
1186 650 1265 742 ἀχρι
1362 694 1363 749 ι

230 763 289 844 τῆς
313 752 488 846 καρδίας·”
510 751 628 835 ὀῦτως
653 752 728 824 ούτε
753 752 773 843 ῆ
800 754 925 843 κωμικῆ
949 755 1045 844 χάρις
1072 751 1264 843 ἀπηξίωσεν
1362 802 1363 847 }

102 896 112 916 ·
136 868 138 870 ’
232 857 311 927 οῦδὲ
329 855 503 926 ἀπέκλεισε
520 864 578 945 τῆς
596 864 712 945 σκηνῆς
729 856 767 925 τῦ
789 864 848 947 τῆς
864 864 964 944 μυίας
987 856 1106 943 ἀνομα,
1131 854 1210 926 οὔθ’
1229 859 1264 927 οἱ
1362 860 1363 943 J

229 974 340 1051 γονεῖς
361 957 499 1050 ᾐδοῦντο
523 958 586 1040 ,τὰς
608 966 795 1051 θυγατέρας
822 956 910 1028 οῦτω
936 963 1118 1041 καλοῦντες.
1159 959 1263 1050 ῆμδν
1362 1000 1363 1021 1

120 1146 126 1155 ο
229 1063 291 1153 γὰρ
322 1063 490 1151 τραγῳδία
520 1066 576 1130 καὶ
602 1061 661 1132 σὺν
690 1064 823 1152 μεγάλῳ
851 1054 980 1152 ,ἐπαίνῳ
1010 1069 1173 1155 μέμνηται
1202 1072 1264 1151 τῆς

228 1172 343 1253 μυίας,
364 1163 409 1246 ιῦς
428 1165 462 1234 ἐν
477 1167 623 1259 τούτοις,
732 1216 738 1222 -
1362 1172 1363 1187 ’

315 1270 483 1356 Δεινόν-γε
500 1267 559 1357 τῆν
575 1270 640 1354 μὲν4
650 1281 750 1353 μυῖαν
768 1265 895 1358 ἀλκίμῳ
914 1276 1029 1339 σθένει

314 1373 424 1460 πηδᾶν
442 1368 493 1439 ἀπ’
510 1369 638 1459 ἀνδρῶν
654 1369 799 1458 σώμαθ’,
818 1369 865 1453 ὥς
881 1377 1019 1464 πλησθῇ
1035 1374 1156 1464 φόνου,

316 1472 486 1566 ἀνδραςδ’
503 1471 643 1555 ὁπλίτας
660 1480 819 1560 πολέμιον
836 1483 971 1566 ταρβεῖν
987 1478 1078 1568 δόρυ.
1362 1528 1363 1543 ,

212 1574 379 1647 πολλὰ
358 1604 397 1644 αν
415 1574 549 1660 εἷχον’
519 1589 626 1645 ειπεῖν
643 1581 696 1645 καὶ
715 1580 794 1667 περὶ
810 1589 919 1659 Μυίας
940 1586 998 1668 τῆς
1015 1586 1260 1671 Πυθαγορικῆς,
1362 1584 1363 1589 ’

180 1702 212 1752 12
231 1677 318 1769 εἰμὴ
331 1681 495 1768 γνώριμος
507 1670 545 1768 ῆν
559 1675 686 1747 ἀπασιν
698 1677 718 1769 ἡ
731 1677 800 1748 κατ’
812 1678 911 1770 αῦτῆν
926 1681 1033 1772 ἱστορί
1033 1708 1064 1751 α.
1094 1688 1264 1771 γίγνονται
1362 1700 1363 1763 ξ

163 1784 267 1851 δέ
284 1785 340 1849 καί
355 1788 509 1870 μέγισταί
525 1808 611 1862 τινες
627 1796 738 1868 μυῖαι,
763 1782 803 1863 ἀς
826 1784 1067 1870 στρατιώτιδας
1090 1787 1265 1856 οίπολλοί

229 1888 395 1971 καλοῦσιν,
425 1884 574 1952 ολδέ’
537 1911 646 1967 κυνας,
674 1888 874 1972 τραχύταται
895 1885 952 1954 τὸν
972 1889 1100 1974 βόμβον
1122 1892 1177 1956 καὶ
1200 1890 1291 1979 ’τῆν’
1362 1932 1363 1953 ;

230 1995 352 2077 πτῆσιν
371 1983 549 2069 ὠκύταται,
574 1988 614 2056 αι’
627 2015 663 2076 γε
681 1993 735 2056 καί
753 1991 1070 2078 μακροβιωταταί’
1041 2015 1107 2059 εισι
1126 1995 1184 2059 καὶ
1199 2000 1264 2061 τοῦ

115 2134 119 2141 -
227 2097 389 2176 χειμιῦνος
407 2085 531 2158 όλοο”
508 2116 620 2159 ασιτοι
639 2089 957 2217 διακαρτεροῦσινῇ
939 2107 1164 2181 υπεπτηχυῖαι
1185 2108 1261 2177 τοῖς
1362 2092 1363 2163 ἶ

230 2189 371 2283 ὀρόφοις
391 2194 550 2277 μάλιστα,
580 2185 674 2284 ἐφ
648 2221 693 2262 ων
714 2193 843 2263 κάκεῖνο
865 2196 1049 2280 θαυμάζειν
1072 2193 1227 2280 ἀξιον,“
1206 2224 1264 2268 οτι

195 2384 197 2387 ι
231 2292 419 2385 ἀμφότερα,
439 2299 494 2362 καὶ
511 2293 553 2363 τὰ
570 2298 716 2384 θηλειῶν
733 2299 788 2364 καὶ
805 2296 847 2366 τδι
866 2295 1017 2389 ἀρρένων,
1043 2300 1162 2384 δρῶσι·
1182 2306 1265 2385 βαί-

229 2421 323 2466 νουσι
348 2404 425 2485 γοῦν
446 2401 501 2465 καί
523 2404 693 2484 βαίνονται
716 2399 748 2467 ἐν
769 2407 817 2488 τῷ
843 2406 936 2489 μέρει
957 2399 1041 2469 κατά
1067 2399 1124 2469 τὸν
1142 2399 1265 2489 Ἑρμοῦ
1362 2406 1363 2495 λ

229 2502 285 2567 κάλ
307 2496 501 2590 Ἀφροδίτης
526 2503 635 2569 παῖδα
655 2500 712 2570 τὸν
733 2501 847 2587 μικτὸν
868 2501 926 2592 τῆν
949 2504 1126 2593 φύσινκαὶ
1149 2503 1264 2580 διττὸν

229 2601 268 2670 τὸ
294 2602 423 2684 κάλλος.
467 2603 576 2671 πολλὰ
603 2602 635 2673 δ’
656 2604 704 2674 ἀει
732 2605 812 2689 ’έχων
838 2606 945 2674 εἰπεῖν
969 2608 1174 2675 καταπαύσω
1201 2606 1263 2677 τὸν
1362 2630 1363 2681 3

229 2706 340 2792 λόγον,
366 2703 411 2793 μῆ
437 2710 494 2772 καί
520 2706 606 2788 δόξω
632 2706 716 2775 κατὰ
742 2707 800 2797 τὴν
826 2713 1010 2797 παροιμίαν
1035 2707 1198 2798 ἐλέφαντα
1224 2709 1263 2778 ἐκ
1362 2738 1363 2767 1

227 2813 328 2893 μυίας
345 2821 465 2876 ποιεῖν.
1362 2824 1363 2837 ’

185 3000 190 3005 ’
261 3053 401 3123 ΠΡΟΣ
427 3055 530 3124 νον
555 3026 896 3126 ΑΠΑιΔευυον
922 3059 1019 3127 KAI
1042 3058 1230 3130 ΠΟΛΛΑ

472 3168 656 3235 BIBAIA
682 3170 1017 3286 ονοευσενον.Ι

196 3340 211 3391 1
280 3323 348 3388 Καὶ
363 3318 427 3409 μῆν
446 3319 589 3390 ἐναντίον
612 3322 700 3391 ἐστίν
724 3314 762 3392 οῦ
786 3323 915 3404 ἐθέλεις
932 3322 951 3391 δ
969 3330 1024 3392 νῦν
1047 3335 1172 3404 ποιεῖς·
1194 3325 1262 3394 ολέι

228 3423 288 3506 μέν
308 3420 370 3510 γὰρ
394 3421 428 3490 έν
449 3426 587 3515 παιδείᾳ
609 3428 664 3492 καὶ
691 3423 789 3507 αῦτδς
815 3424 901 3494 εἷναί
920 3454 971 3507 τις
998 3426 1104 3508 δόξειν
1127 3429 1261 3518 σπουδῇ

231 3525 474 3610 συνωνούμενος
490 3525 533 3595 τά
550 3528 707 3595 κάλλιστα
724 3535 790 3596 τιῦν
806 3533 960 3616 βιβλίων·
981 3527 1020 3597 τὸ
1044 3531 1081 3596 δέ
1103 3555 1159 3599 σοι
1180 3533 1262 3618 περὶ
1362 3620 1363 3625 ¹

228 3627 318 3705 κύτω
338 3641 441 3716 χωρεῖ
460 3633 516 3696 καί
539 3629 666 3716 ἔλεγχος
687 3637 831 3719 γίγνεται
855 3639 914 3721 τῆς
940 3628 1162 3712 ἀπαιδευσίας
1184 3659 1259 3716 πως
1362 3638 1363 3641 ’

228 3735 342 3798 τοῦτο·
359 3733 505 3816 μάλιστα
523 3734 560 3800 δὲ
578 3729 655 3800 οῦδὲ
666 3730 709 3800 τδι
723 3735 880 3802 κάλλιστα
895 3733 970 3824 ὠνῇ,
991 3733 1075 3802 ἀλλὰ
1088 3735 1260 3815 πιστεύεις

228 3846 300 3912 τοῖς
327 3829 373 3914 ιῦς
399 3835 508 3918 ἀτυχεν
534 3834 709 3904 έπαινοῦσι
733 3839 789 3903 καὶ
815 3838 950 3925 ἕρμαιον
976 3834 1008 3904 ελ
1027 3845 1092 3905 τῶν
1117 3842 1261 3905 τοιαῦτα

229 3932 500 4022 ἐπιψευδομένων
516 3950 587 4018 τοῖς
602 3942 746 4025 βιβλίοις
767 3941 822 4006 καὶ
843 3937 1018 4028 θησαυρὸς,
1038 3940 1170 4024 ἕτοιμος
1185 3952 1260 4019 τοῖς

226 4037 389 4127 καπήλοις
411 4038 528 4109 αῦτιῦν.
574 4037 595 4129 ῆ
617 4041 727 4109 πόθεν
747 4041 809 4131 γάρ
836 4067 891 4110 σοι
918 4044 1094 4129 διαγνῶναι
1121 4039 1269 4110 δυνατὸν
