<?xml version="1.0" encoding="UTF-8"?>
<!DOCTYPE html PUBLIC "-//W3C//DTD XHTML 1.0 Transitional//EN"
    "http://www.w3.org/TR/xhtml1/DTD/xhtml1-transitional.dtd">
<html xmlns="http://www.w3.org/1999/xhtml" xml:lang="en" lang="en">
 <head>
  <title>
</title>
<meta http-equiv="Content-Type" content="text/html;charset=utf-8" />
  <meta name='ocr-system' content='tesseract 3.04.00' />
  <meta name='ocr-capabilities' content='ocr_page ocr_carea ocr_par ocr_line ocrx_word'/>
</head>
<body>
  <div class='ocr_page' id='page_1' title='image "./lucianisamosate00dindgoog_0320.png"; bbox 0 0 2730 4584; ppageno 0'>
   <div class='ocr_carea' id='block_1_1' title="bbox 107 198 1174 617">
    <p class='ocr_par' dir='ltr' id='par_1_1' title="bbox 107 198 1174 617">
     <span class='ocr_line' id='line_1_1' title="bbox 418 198 1150 271; baseline -0.007 -1"><span class='ocrx_word' id='word_1_1' title='bbox 418 213 557 270; x_wconf 82' lang='lat' dir='ltr'>LXXIX.</span> <span class='ocrx_word' id='word_1_2' title='bbox 584 213 605 252; x_wconf 52' lang='grc' dir='ltr'><strong><em>ὓ</em></strong></span> <span class='ocrx_word' id='word_1_3' title='bbox 624 213 765 271; x_wconf 79' lang='grc' dir='ltr'>ΝΕΡΩΝ</span> <span class='ocrx_word' id='word_1_4' title='bbox 786 213 850 268; x_wconf 81' lang='grc'><strong><em>1.2.</em></strong></span> <span class='ocrx_word' id='word_1_5' title='bbox 1084 198 1150 265; x_wconf 79' lang='grc'><strong><em>303</em></strong></span> 
     </span>
     <span class='ocr_line' id='line_1_2' title="bbox 107 313 1174 408; baseline -0.01 -13"><span class='ocrx_word' id='word_1_6' title='bbox 107 372 113 377; x_wconf 93' lang='grc'><strong>-</strong></span> <span class='ocrx_word' id='word_1_7' title='bbox 170 335 259 394; x_wconf 71' lang='lat' dir='ltr'><strong><em>Em</em></strong></span> <span class='ocrx_word' id='word_1_8' title='bbox 293 316 500 404; x_wconf 78' lang='grc' dir='ltr'><strong><em>Εῦδαίμονίς</em></strong></span> <span class='ocrx_word' id='word_1_9' title='bbox 520 344 557 407; x_wconf 89' lang='grc' dir='ltr'><strong><em>γε</em></strong></span> <span class='ocrx_word' id='word_1_10' title='bbox 584 322 618 388; x_wconf 83' lang='grc' dir='ltr'><strong><em>οἳ</em></strong></span> <span class='ocrx_word' id='word_1_11' title='bbox 642 318 799 408; x_wconf 87' lang='grc' dir='ltr'><strong><em>τοιαύτης</em></strong></span> <span class='ocrx_word' id='word_1_12' title='bbox 825 313 1072 386; x_wconf 72' lang='grc' dir='ltr'><strong><em>ἀπολελαύκατε</em></strong></span> <span class='ocrx_word' id='word_1_13' title='bbox 1092 317 1174 404; x_wconf 75' lang='grc' dir='ltr'><strong><em>οῦς,</em></strong></span> 
     </span>
     <span class='ocr_line' id='line_1_3' title="bbox 117 417 1151 512; baseline -0.008 -16"><span class='ocrx_word' id='word_1_14' title='bbox 117 428 306 503; x_wconf 80' lang='grc' dir='ltr'><strong><em>συνουσίας.</em></strong></span> <span class='ocrx_word' id='word_1_15' title='bbox 355 421 471 507; x_wconf 87' lang='grc' dir='ltr'><strong><em>σχεδὸν</em></strong></span> <span class='ocrx_word' id='word_1_16' title='bbox 502 420 533 490; x_wconf 79' lang='grc' dir='ltr'><strong><em>δ’</em></strong></span> <span class='ocrx_word' id='word_1_17' title='bbox 556 418 618 512; x_wconf 76' lang='grc' dir='ltr'><strong><em>ἤδη</em></strong></span> <span class='ocrx_word' id='word_1_18' title='bbox 648 419 738 510; x_wconf 85' lang='grc' dir='ltr'><strong><em>κάγῶ</em></strong></span> <span class='ocrx_word' id='word_1_19' title='bbox 771 418 865 490; x_wconf 83' lang='grc' dir='ltr'><strong><em>οῦδλν</em></strong></span> <span class='ocrx_word' id='word_1_20' title='bbox 896 420 1029 490; x_wconf 69' lang='grc' dir='ltr'><strong><em>ἔλαττον</em></strong></span> <span class='ocrx_word' id='word_1_21' title='bbox 1057 417 1151 505; x_wconf 78' lang='grc' dir='ltr'><strong><em>ὑμῶν</em></strong></span> 
     </span>
     <span class='ocr_line' id='line_1_4' title="bbox 118 522 1097 617; baseline -0.01 -20"><span class='ocrx_word' id='word_1_22' title='bbox 118 527 238 617; x_wconf 75' lang='grc' dir='ltr'><strong><em>έοχνμα</em></strong></span> <span class='ocrx_word' id='word_1_23' title='bbox 256 522 313 592; x_wconf 88' lang='grc' dir='ltr'><strong><em>διά</em></strong></span> <span class='ocrx_word' id='word_1_24' title='bbox 332 530 378 593; x_wconf 84' lang='grc' dir='ltr'><strong><em>σέ.</em></strong></span> <span class='ocrx_word' id='word_1_25' title='bbox 1093 534 1097 541; x_wconf 81' lang='grc'><em>’</em></span> 
     </span>
    </p>
   </div>
   <div class='ocr_carea' id='block_1_2' title="bbox 134 760 1140 835">
    <p class='ocr_par' dir='ltr' id='par_1_2' title="bbox 134 760 1140 835">
     <span class='ocr_line' id='line_1_5' title="bbox 134 760 1140 835; baseline -0.005 0"><span class='ocrx_word' id='word_1_26' title='bbox 134 774 154 815; x_wconf 80' lang='grc'><strong><em>·*</em></strong></span> <span class='ocrx_word' id='word_1_27' title='bbox 170 765 338 835; x_wconf 83' lang='grc' dir='ltr'>ΝΕΡΩΝ</span> <span class='ocrx_word' id='word_1_28' title='bbox 359 764 396 832; x_wconf 97' lang='grc' dir='ltr'>Η</span> <span class='ocrx_word' id='word_1_29' title='bbox 416 764 544 832; x_wconf 84' lang='grc' dir='ltr'>ΠΕΡΙ</span> <span class='ocrx_word' id='word_1_30' title='bbox 567 761 780 832; x_wconf 88' lang='grc' dir='ltr'>ΟΡΥΧΗΣ</span> <span class='ocrx_word' id='word_1_31' title='bbox 802 761 905 832; x_wconf 86' lang='grc' dir='ltr'><strong><em>ΤΟΥ</em></strong></span> <span class='ocrx_word' id='word_1_32' title='bbox 924 760 1140 832; x_wconf 84' lang='grc' dir='ltr'><strong><em>ΙΣΘΜΟΥ.</em></strong></span> 
     </span>
    </p>
   </div>
   <div class='ocr_carea' id='block_1_3' title="bbox 31 933 1262 4106">
    <p class='ocr_par' dir='ltr' id='par_1_3' title="bbox 115 933 1183 1540">
     <span class='ocr_line' id='line_1_6' title="bbox 169 933 1183 1029; baseline -0.007 -20"><span class='ocrx_word' id='word_1_33' title='bbox 169 939 436 1009; x_wconf 71' lang='grc' dir='ltr'><strong><em>ΜΕΝΕΚΡΑΤΗΣ.</em></strong></span> <span class='ocrx_word' id='word_1_34' title='bbox 465 934 504 1005; x_wconf 83' lang='grc' dir='ltr'><strong><em>Ἡ</em></strong></span> <span class='ocrx_word' id='word_1_35' title='bbox 524 933 622 1025; x_wconf 81' lang='grc' dir='ltr'><strong><em>ὀρυχὴ</em></strong></span> <span class='ocrx_word' id='word_1_36' title='bbox 639 942 699 1004; x_wconf 90' lang='grc' dir='ltr'><strong><em>τοῦ</em></strong></span> <span class='ocrx_word' id='word_1_37' title='bbox 714 933 864 1022; x_wconf 81' lang='grc' dir='ltr'><strong><em>Ἰσθμοῦ,</em></strong></span> <span class='ocrx_word' id='word_1_38' title='bbox 887 937 944 1002; x_wconf 85' lang='grc' dir='ltr'><strong><em>καλ</em></strong></span> <span class='ocrx_word' id='word_1_39' title='bbox 965 936 1034 1018; x_wconf 83' lang='grc' dir='ltr'><strong><em>σοὶ,</em></strong></span> <span class='ocrx_word' id='word_1_40' title='bbox 1057 946 1148 1002; x_wconf 83' lang='grc' dir='ltr'><strong><em>Μου-</em></strong></span> <span class='ocrx_word' id='word_1_41' title='bbox 1164 968 1183 1029; x_wconf 64' lang='grc' dir='ltr'><strong><em>η</em></strong></span> 
     </span>
     <span class='ocr_line' id='line_1_7' title="bbox 118 1036 1149 1130; baseline -0.003 -21"><span class='ocrx_word' id='word_1_42' title='bbox 118 1041 231 1121; x_wconf 88' lang='grc' dir='ltr'><strong><em>σῶνιε,</em></strong></span> <span class='ocrx_word' id='word_1_43' title='bbox 256 1038 313 1107; x_wconf 85' lang='grc' dir='ltr'><strong><em>διὰ</em></strong></span> <span class='ocrx_word' id='word_1_44' title='bbox 328 1038 451 1130; x_wconf 81' lang='grc' dir='ltr'><strong><em>χειρὸς,</em></strong></span> <span class='ocrx_word' id='word_1_45' title='bbox 475 1036 522 1120; x_wconf 83' lang='grc' dir='ltr'><strong><em>ῶς</em></strong></span> <span class='ocrx_word' id='word_1_46' title='bbox 539 1064 639 1128; x_wconf 85' lang='grc' dir='ltr'><strong><em>φασι,</em></strong></span> <span class='ocrx_word' id='word_1_47' title='bbox 662 1052 827 1128; x_wconf 86' lang='grc' dir='ltr'><strong><em>γεγονυῖα,</em></strong></span> <span class='ocrx_word' id='word_1_48' title='bbox 846 1044 893 1127; x_wconf 76' lang='grc' dir='ltr'><strong><em>τῷ</em></strong></span> <span class='ocrx_word' id='word_1_49' title='bbox 910 1037 1057 1126; x_wconf 80' lang='grc' dir='ltr'><strong><em>τυράννῳ</em></strong></span> <span class='ocrx_word' id='word_1_50' title='bbox 1074 1045 1149 1106; x_wconf 87' lang='grc' dir='ltr'><strong><em>νοῦν</em></strong></span> 
     </span>
     <span class='ocr_line' id='line_1_8' title="bbox 115 1136 460 1230; baseline -0.003 -18"><span class='ocrx_word' id='word_1_51' title='bbox 115 1139 365 1230; x_wconf 71' lang='grc' dir='ltr'><strong><em>εἷχενἝλληνας</em></strong></span> <span class='ocrx_word' id='word_1_52' title='bbox 457 1136 460 1141; x_wconf 36' lang='lat'><strong>⁴</strong></span> 
     </span>
     <span class='ocr_line' id='line_1_9' title="bbox 115 1237 1177 1334; baseline -0.006 -17"><span class='ocrx_word' id='word_1_53' title='bbox 115 1294 120 1299; x_wconf 93' lang='lat'>-</span> <span class='ocrx_word' id='word_1_54' title='bbox 169 1244 400 1317; x_wconf 64' lang='grc' dir='ltr'><strong><em>ΜΟΥέῼΝΙΟΣ.</em></strong></span> <span class='ocrx_word' id='word_1_55' title='bbox 419 1241 518 1328; x_wconf 75' lang='grc' dir='ltr'><strong><em>Ἴσθι,</em></strong></span> <span class='ocrx_word' id='word_1_56' title='bbox 534 1237 786 1334; x_wconf 82' lang='grc' dir='ltr'><strong><em>ῶΜενέκρατες,</em></strong></span> <span class='ocrx_word' id='word_1_57' title='bbox 803 1248 860 1312; x_wconf 89' lang='grc' dir='ltr'><strong><em>καλ</em></strong></span> <span class='ocrx_word' id='word_1_58' title='bbox 875 1247 995 1331; x_wconf 91' lang='grc' dir='ltr'><strong><em>βελτίω</em></strong></span> <span class='ocrx_word' id='word_1_59' title='bbox 1015 1243 1151 1312; x_wconf 76' lang='grc' dir='ltr'><strong><em>ἐντεθυ-</em></strong></span> <span class='ocrx_word' id='word_1_60' title='bbox 1172 1238 1177 1245; x_wconf 60' lang='grc'><em>’</em></span> 
     </span>
     <span class='ocr_line' id='line_1_10' title="bbox 118 1347 1149 1439; baseline -0.003 -23"><span class='ocrx_word' id='word_1_61' title='bbox 118 1354 253 1435; x_wconf 81' lang='grc' dir='ltr'><strong><em>μῆσθαι</em></strong></span> <span class='ocrx_word' id='word_1_62' title='bbox 268 1351 420 1437; x_wconf 83' lang='grc' dir='ltr'><strong><em>Νέρωνα·</em></strong></span> <span class='ocrx_word' id='word_1_63' title='bbox 446 1347 506 1429; x_wconf 84' lang='grc' dir='ltr'><strong><em>τάς</em></strong></span> <span class='ocrx_word' id='word_1_64' title='bbox 527 1347 590 1439; x_wconf 79' lang='grc' dir='ltr'><strong><em>γὰρ</em></strong></span> <span class='ocrx_word' id='word_1_65' title='bbox 613 1348 795 1438; x_wconf 80' lang='grc' dir='ltr'><strong><em>περιβολὰς</em></strong></span> <span class='ocrx_word' id='word_1_66' title='bbox 815 1354 874 1437; x_wconf 82' lang='grc' dir='ltr'><strong><em>τῆς</em></strong></span> <span class='ocrx_word' id='word_1_67' title='bbox 896 1348 1149 1435; x_wconf 72' lang='grc' dir='ltr'><strong><em>Πελοποννήσου</em></strong></span> 
     </span>
     <span class='ocr_line' id='line_1_11' title="bbox 117 1440 1151 1540; baseline -0.003 -21"><span class='ocrx_word' id='word_1_68' title='bbox 117 1449 180 1530; x_wconf 87' lang='grc' dir='ltr'><strong><em>τὰς</em></strong></span> <span class='ocrx_word' id='word_1_69' title='bbox 196 1446 280 1537; x_wconf 77' lang='grc' dir='ltr'><strong><em>ῦπέρ</em></strong></span> <span class='ocrx_word' id='word_1_70' title='bbox 292 1454 425 1519; x_wconf 85' lang='grc' dir='ltr'><strong><em>Μαλέαν</em></strong></span> <span class='ocrx_word' id='word_1_71' title='bbox 439 1452 571 1540; x_wconf 84' lang='grc' dir='ltr'><strong><em>συνῄρει</em></strong></span> <span class='ocrx_word' id='word_1_72' title='bbox 581 1464 654 1531; x_wconf 89' lang='grc' dir='ltr'><strong><em>τοῖς</em></strong></span> <span class='ocrx_word' id='word_1_73' title='bbox 666 1440 948 1535; x_wconf 85' lang='grc' dir='ltr'><strong><em>θαλαττουμένοις</em></strong></span> <span class='ocrx_word' id='word_1_74' title='bbox 965 1449 1151 1517; x_wconf 84' lang='grc' dir='ltr'><strong><em>εἷκοσιστα-</em></strong></span> 
     </span>
    </p>

    <p class='ocr_par' dir='ltr' id='par_1_4' title="bbox 54 1550 1151 1951">
     <span class='ocr_line' id='line_1_12' title="bbox 54 1550 1150 1644; baseline -0.004 -22"><span class='ocrx_word' id='word_1_75' title='bbox 54 1608 65 1639; x_wconf 89' lang='grc'><strong><em>,</em></strong></span> <span class='ocrx_word' id='word_1_76' title='bbox 118 1554 180 1641; x_wconf 78' lang='grc' dir='ltr'><strong><em>δίῳ</em></strong></span> <span class='ocrx_word' id='word_1_77' title='bbox 199 1558 258 1619; x_wconf 84' lang='grc' dir='ltr'><strong><em>τοῦ</em></strong></span> <span class='ocrx_word' id='word_1_78' title='bbox 272 1551 410 1638; x_wconf 79' lang='grc' dir='ltr'><strong><em>Ἰσθμοῦ</em></strong></span> <span class='ocrx_word' id='word_1_79' title='bbox 428 1555 578 1644; x_wconf 80' lang='grc' dir='ltr'><strong><em>ῥήγματι.</em></strong></span> <span class='ocrx_word' id='word_1_80' title='bbox 613 1561 713 1622; x_wconf 86' lang='grc' dir='ltr'><strong><em>τοῦτο</em></strong></span> <span class='ocrx_word' id='word_1_81' title='bbox 732 1552 764 1622; x_wconf 76' lang='grc' dir='ltr'><strong><em>δ’</em></strong></span> <span class='ocrx_word' id='word_1_82' title='bbox 780 1550 819 1622; x_wconf 83' lang='grc' dir='ltr'><strong><em>ἀν</em></strong></span> <span class='ocrx_word' id='word_1_83' title='bbox 837 1556 893 1621; x_wconf 86' lang='grc' dir='ltr'><strong><em>καὶ</em></strong></span> <span class='ocrx_word' id='word_1_84' title='bbox 909 1551 969 1633; x_wconf 79' lang='grc' dir='ltr'><strong><em>τὰς</em></strong></span> <span class='ocrx_word' id='word_1_85' title='bbox 987 1551 1150 1642; x_wconf 73' lang='grc' dir='ltr'><strong><em>ἐμπορίας</em></strong></span> 
     </span>
     <span class='ocr_line' id='line_1_13' title="bbox 117 1652 1151 1746; baseline -0.001 -23"><span class='ocrx_word' id='word_1_86' title='bbox 117 1652 224 1745; x_wconf 87' lang='grc' dir='ltr'><strong><em>ῶνησε</em></strong></span> <span class='ocrx_word' id='word_1_87' title='bbox 245 1659 302 1722; x_wconf 86' lang='grc' dir='ltr'><strong><em>καὶ</em></strong></span> <span class='ocrx_word' id='word_1_88' title='bbox 321 1653 382 1735; x_wconf 80' lang='grc' dir='ltr'><strong><em>τὰς</em></strong></span> <span class='ocrx_word' id='word_1_89' title='bbox 405 1656 462 1724; x_wconf 77' lang='grc' dir='ltr'><strong><em>ἐπὶ</em></strong></span> <span class='ocrx_word' id='word_1_90' title='bbox 483 1657 636 1746; x_wconf 76' lang='grc' dir='ltr'><strong><em>θαλάττῃ</em></strong></span> <span class='ocrx_word' id='word_1_91' title='bbox 655 1659 773 1738; x_wconf 89' lang='grc' dir='ltr'><strong><em>πόλεις</em></strong></span> <span class='ocrx_word' id='word_1_92' title='bbox 790 1660 846 1724; x_wconf 89' lang='grc' dir='ltr'><strong><em>καλ</em></strong></span> <span class='ocrx_word' id='word_1_93' title='bbox 863 1654 923 1736; x_wconf 82' lang='grc' dir='ltr'><strong><em>τὰς</em></strong></span> <span class='ocrx_word' id='word_1_94' title='bbox 941 1654 974 1724; x_wconf 81' lang='grc' dir='ltr'><strong><em>έν</em></strong></span> <span class='ocrx_word' id='word_1_95' title='bbox 991 1663 1031 1745; x_wconf 81' lang='grc' dir='ltr'><strong><em>τῇ</em></strong></span> <span class='ocrx_word' id='word_1_96' title='bbox 1048 1679 1151 1740; x_wconf 90' lang='grc' dir='ltr'><strong><em>μεσο-</em></strong></span> 
     </span>
     <span class='ocr_line' id='line_1_14' title="bbox 116 1755 1150 1851; baseline -0.001 -25"><span class='ocrx_word' id='word_1_97' title='bbox 116 1765 206 1847; x_wconf 79' lang='grc' dir='ltr'><strong><em>γείᾳ·</em></strong></span> <span class='ocrx_word' id='word_1_98' title='bbox 232 1757 366 1847; x_wconf 79' lang='grc' dir='ltr'><strong><em>καὶγὰρ</em></strong></span> <span class='ocrx_word' id='word_1_99' title='bbox 385 1756 424 1847; x_wconf 83' lang='grc' dir='ltr'><strong><em>δὴ</em></strong></span> <span class='ocrx_word' id='word_1_100' title='bbox 443 1755 608 1840; x_wconf 87' lang='grc' dir='ltr'><strong><em>κάκείναις</em></strong></span> <span class='ocrx_word' id='word_1_101' title='bbox 623 1756 781 1851; x_wconf 76' lang='grc' dir='ltr'><strong><em>’ἀποχρῶν</em></strong></span> <span class='ocrx_word' id='word_1_102' title='bbox 799 1756 818 1827; x_wconf 84' lang='grc' dir='ltr'><strong><em>δ</em></strong></span> <span class='ocrx_word' id='word_1_103' title='bbox 838 1760 924 1828; x_wconf 81' lang='grc' dir='ltr'><strong><em>οἰ’κοι</em></strong></span> <span class='ocrx_word' id='word_1_104' title='bbox 944 1757 1087 1850; x_wconf 86' lang='grc' dir='ltr'><strong><em>καρπὸς,</em></strong></span> <span class='ocrx_word' id='word_1_105' title='bbox 1110 1755 1150 1847; x_wconf 81' lang='grc' dir='ltr'><strong><em>ἢν</em></strong></span> 
     </span>
     <span class='ocr_line' id='line_1_15' title="bbox 116 1852 618 1951; baseline 0.004 -23"><span class='ocrx_word' id='word_1_106' title='bbox 116 1860 160 1928; x_wconf 79' lang='grc' dir='ltr'><strong><em>τὰ</em></strong></span> <span class='ocrx_word' id='word_1_107' title='bbox 179 1860 406 1929; x_wconf 81' lang='grc' dir='ltr'><strong><em>έπεθαλάττια</em></strong></span> <span class='ocrx_word' id='word_1_108' title='bbox 424 1852 460 1929; x_wconf 82' lang='grc' dir='ltr'><strong><em>εύ</em></strong></span> <span class='ocrx_word' id='word_1_109' title='bbox 477 1863 618 1951; x_wconf 82' lang='grc' dir='ltr'><strong><em>πράττῃ.</em></strong></span> 
     </span>
    </p>

    <p class='ocr_par' dir='ltr' id='par_1_5' title="bbox 118 1962 1150 2156">
     <span class='ocr_line' id='line_1_16' title="bbox 134 1962 1150 2052; baseline -0.002 -19"><span class='ocrx_word' id='word_1_110' title='bbox 134 1996 139 2003; x_wconf 89' lang='grc'><em>·</em></span> <span class='ocrx_word' id='word_1_111' title='bbox 168 1978 259 2033; x_wconf 79' lang='grc' dir='ltr'><strong><em>ΜΕΝ.</em></strong></span> <span class='ocrx_word' id='word_1_112' title='bbox 288 1970 397 2030; x_wconf 82' lang='grc' dir='ltr'><strong><em>Ταῦτα</em></strong></span> <span class='ocrx_word' id='word_1_113' title='bbox 410 1963 449 2052; x_wconf 83' lang='grc' dir='ltr'><strong><em>δὴ</em></strong></span> <span class='ocrx_word' id='word_1_114' title='bbox 465 1966 624 2047; x_wconf 87' lang='grc' dir='ltr'><strong><em>διέξελθε,</em></strong></span> <span class='ocrx_word' id='word_1_115' title='bbox 639 1964 823 2047; x_wconf 80' lang='grc' dir='ltr'><strong><em>Μουσώνιε,</em></strong></span> <span class='ocrx_word' id='word_1_116' title='bbox 842 1968 1056 2051; x_wconf 79' lang='grc' dir='ltr'><strong><em>βουλομένοις</em></strong></span> <span class='ocrx_word' id='word_1_117' title='bbox 1072 1962 1150 2052; x_wconf 79' lang='grc' dir='ltr'><strong><em>ἡμῖν</em></strong></span> 
     </span>
     <span class='ocr_line' id='line_1_17' title="bbox 118 2061 1132 2156; baseline 0.001 -24"><span class='ocrx_word' id='word_1_118' title='bbox 118 2061 354 2153; x_wconf 85' lang='grc' dir='ltr'><strong><em>ἀκροάσασθαι</em></strong></span> <span class='ocrx_word' id='word_1_119' title='bbox 371 2073 486 2149; x_wconf 86' lang='grc' dir='ltr'><strong><em>πᾶσιν,</em></strong></span> <span class='ocrx_word' id='word_1_120' title='bbox 506 2067 537 2134; x_wconf 78' lang='grc' dir='ltr'><strong><em>εἰ</em></strong></span> <span class='ocrx_word' id='word_1_121' title='bbox 553 2068 598 2155; x_wconf 85' lang='grc' dir='ltr'><strong><em>μή</em></strong></span> <span class='ocrx_word' id='word_1_122' title='bbox 616 2093 651 2134; x_wconf 90' lang='grc' dir='ltr'><strong><em>τι</em></strong></span> <span class='ocrx_word' id='word_1_123' title='bbox 668 2068 861 2137; x_wconf 78' lang='grc' dir='ltr'><strong><em>σπουδάσαι</em></strong></span> <span class='ocrx_word' id='word_1_124' title='bbox 879 2068 993 2156; x_wconf 81' lang='grc' dir='ltr'><strong><em>διανοῇ</em></strong></span> <span class='ocrx_word' id='word_1_125' title='bbox 1013 2066 1132 2152; x_wconf 71' lang='grc' dir='ltr'><strong><em>ἕτερον.</em></strong></span> 
     </span>
    </p>

    <p class='ocr_par' dir='ltr' id='par_1_6' title="bbox 31 2166 1262 4106">
     <span class='ocr_line' id='line_1_18' title="bbox 170 2166 1151 2259; baseline -0.004 -22"><span class='ocrx_word' id='word_1_126' title='bbox 170 2183 284 2237; x_wconf 85' lang='grc' dir='ltr'><strong><em>ΜΟΥΣ.</em></strong></span> <span class='ocrx_word' id='word_1_127' title='bbox 320 2175 434 2255; x_wconf 87' lang='grc' dir='ltr'><strong><em>Δίιιμι</em></strong></span> <span class='ocrx_word' id='word_1_128' title='bbox 450 2172 678 2257; x_wconf 87' lang='grc' dir='ltr'><strong><em>βουλομένοις·</em></strong></span> <span class='ocrx_word' id='word_1_129' title='bbox 699 2167 737 2239; x_wconf 87' lang='grc' dir='ltr'><strong><em>ού</em></strong></span> <span class='ocrx_word' id='word_1_130' title='bbox 755 2169 817 2259; x_wconf 87' lang='grc' dir='ltr'><strong><em>γὰρ</em></strong></span> <span class='ocrx_word' id='word_1_131' title='bbox 836 2167 902 2237; x_wconf 74' lang='grc' dir='ltr'><strong><em>οἶδ’</em></strong></span> <span class='ocrx_word' id='word_1_132' title='bbox 918 2166 938 2237; x_wconf 77' lang='grc' dir='ltr'>ὅ</span> <span class='ocrx_word' id='word_1_133' title='bbox 954 2195 989 2236; x_wconf 91' lang='grc' dir='ltr'><strong><em>τι</em></strong></span> <span class='ocrx_word' id='word_1_134' title='bbox 1003 2168 1151 2256; x_wconf 85' lang='grc' dir='ltr'><strong><em>χαριζοί-</em></strong></span> 
     </span>
     <span class='ocr_line' id='line_1_19' title="bbox 116 2265 1198 2361; baseline 0.001 -25"><span class='ocrx_word' id='word_1_135' title='bbox 116 2295 181 2361; x_wconf 88' lang='grc' dir='ltr'><strong><em>μην</em></strong></span> <span class='ocrx_word' id='word_1_136' title='bbox 199 2265 238 2336; x_wconf 86' lang='grc' dir='ltr'><strong><em>ἀν</em></strong></span> <span class='ocrx_word' id='word_1_137' title='bbox 253 2273 378 2356; x_wconf 87' lang='grc' dir='ltr'><strong><em>μᾶλλον</em></strong></span> <span class='ocrx_word' id='word_1_138' title='bbox 396 2284 467 2353; x_wconf 87' lang='grc' dir='ltr'><strong><em>τοῖς</em></strong></span> <span class='ocrx_word' id='word_1_139' title='bbox 488 2298 525 2360; x_wconf 91' lang='grc' dir='ltr'><strong><em>γε</em></strong></span> <span class='ocrx_word' id='word_1_140' title='bbox 543 2270 738 2361; x_wconf 87' lang='grc' dir='ltr'><strong><em>ἀφιγμένοις</em></strong></span> <span class='ocrx_word' id='word_1_141' title='bbox 756 2272 803 2351; x_wconf 79' lang='grc' dir='ltr'><strong><em>εἰς</em></strong></span> <span class='ocrx_word' id='word_1_142' title='bbox 821 2269 920 2360; x_wconf 80' lang='grc' dir='ltr'><strong><em>ἀηδές</em></strong></span> <span class='ocrx_word' id='word_1_143' title='bbox 942 2266 1028 2338; x_wconf 87' lang='grc' dir='ltr'><strong><em>ούτω</em></strong></span> <span class='ocrx_word' id='word_1_144' title='bbox 1048 2295 1150 2359; x_wconf 85' lang='grc' dir='ltr'><strong><em>φρον-</em></strong></span> <span class='ocrx_word' id='word_1_145' title='bbox 1194 2343 1198 2351; x_wconf 58' lang='grc'><strong><em>,</em></strong></span> 
     </span>
     <span class='ocr_line' id='line_1_20' title="bbox 117 2371 1183 2464; baseline 0.001 -25"><span class='ocrx_word' id='word_1_146' title='bbox 117 2373 286 2462; x_wconf 82' lang='grc' dir='ltr'><strong><em>τιστήριον</em></strong></span> <span class='ocrx_word' id='word_1_147' title='bbox 304 2374 361 2441; x_wconf 74' lang='grc' dir='ltr'><strong><em>ἐπὶ</em></strong></span> <span class='ocrx_word' id='word_1_148' title='bbox 378 2381 427 2462; x_wconf 81' lang='grc' dir='ltr'><strong><em>τῷ</em></strong></span> <span class='ocrx_word' id='word_1_149' title='bbox 445 2376 655 2457; x_wconf 79' lang='grc' dir='ltr'><strong><em>σπουδάζειν.</em></strong></span> <span class='ocrx_word' id='word_1_150' title='bbox 681 2381 820 2464; x_wconf 84' lang='grc' dir='ltr'><strong><em>Νέρωνα</em></strong></span> <span class='ocrx_word' id='word_1_151' title='bbox 836 2381 944 2442; x_wconf 87' lang='grc' dir='ltr'><strong><em>τοίνυν</em></strong></span> <span class='ocrx_word' id='word_1_152' title='bbox 962 2371 1148 2456; x_wconf 69' lang='grc' dir='ltr'><strong><em>εἷςᾍχαΐαν</em></strong></span> <span class='ocrx_word' id='word_1_153' title='bbox 1166 2380 1183 2433; x_wconf 70' lang='lat'>2</span> 
     </span>
     <span class='ocr_line' id='line_1_21' title="bbox 118 2466 1150 2568; baseline 0 -25"><span class='ocrx_word' id='word_1_154' title='bbox 118 2470 203 2563; x_wconf 74' lang='grc' dir='ltr'><strong><em>ᾠδαὶ</em></strong></span> <span class='ocrx_word' id='word_1_155' title='bbox 220 2466 298 2564; x_wconf 82' lang='grc' dir='ltr'><strong><em>ἦγον</em></strong></span> <span class='ocrx_word' id='word_1_156' title='bbox 315 2480 370 2544; x_wconf 87' lang='grc' dir='ltr'><strong><em>καὶ</em></strong></span> <span class='ocrx_word' id='word_1_157' title='bbox 387 2475 427 2546; x_wconf 86' lang='grc' dir='ltr'><strong><em>τὸ</em></strong></span> <span class='ocrx_word' id='word_1_158' title='bbox 447 2478 580 2568; x_wconf 83' lang='grc' dir='ltr'><strong><em>σφόδρα</em></strong></span> <span class='ocrx_word' id='word_1_159' title='bbox 602 2474 701 2545; x_wconf 78' lang='grc' dir='ltr'><strong><em>αὑτὸν</em></strong></span> <span class='ocrx_word' id='word_1_160' title='bbox 719 2481 913 2547; x_wconf 78' lang='grc' dir='ltr'><strong><em>πεπεικέναι</em></strong></span> <span class='ocrx_word' id='word_1_161' title='bbox 932 2473 1012 2565; x_wconf 82' lang='grc' dir='ltr'><strong><em>μηδ’</em></strong></span> <span class='ocrx_word' id='word_1_162' title='bbox 1028 2472 1068 2543; x_wconf 85' lang='grc' dir='ltr'><strong><em>ἀν</em></strong></span> <span class='ocrx_word' id='word_1_163' title='bbox 1089 2473 1150 2556; x_wconf 86' lang='grc' dir='ltr'><strong><em>τὰς</em></strong></span> 
     </span>
     <span class='ocr_line' id='line_1_22' title="bbox 116 2577 1150 2669; baseline -0.001 -22"><span class='ocrx_word' id='word_1_164' title='bbox 116 2578 254 2659; x_wconf 83' lang='grc' dir='ltr'><strong><em>Μούσας</em></strong></span> <span class='ocrx_word' id='word_1_165' title='bbox 271 2577 522 2666; x_wconf 70' lang='grc' dir='ltr'><strong><em>ἀναβάλλεσθαι</em></strong></span> <span class='ocrx_word' id='word_1_166' title='bbox 542 2577 645 2669; x_wconf 73' lang='grc' dir='ltr'><strong><em>ἥδιον.</em></strong></span> <span class='ocrx_word' id='word_1_167' title='bbox 682 2581 835 2667; x_wconf 76' lang='grc' dir='ltr'><strong><em>ἐβούλετο</em></strong></span> <span class='ocrx_word' id='word_1_168' title='bbox 857 2582 894 2647; x_wconf 82' lang='grc' dir='ltr'><strong><em>δέ</em></strong></span> <span class='ocrx_word' id='word_1_169' title='bbox 910 2583 966 2647; x_wconf 87' lang='grc' dir='ltr'><strong><em>καλ</em></strong></span> <span class='ocrx_word' id='word_1_170' title='bbox 982 2578 1024 2647; x_wconf 89' lang='grc' dir='ltr'><strong><em>τά</em></strong></span> <span class='ocrx_word' id='word_1_171' title='bbox 1039 2577 1150 2664; x_wconf 76' lang='grc' dir='ltr'><strong><em>Ὀλύμ-</em></strong></span> 
     </span>
     <span class='ocr_line' id='line_1_23' title="bbox 116 2676 1149 2772; baseline 0.002 -25"><span class='ocrx_word' id='word_1_172' title='bbox 116 2704 192 2762; x_wconf 89' lang='grc' dir='ltr'><strong><em>πια,</em></strong></span> <span class='ocrx_word' id='word_1_173' title='bbox 210 2678 268 2749; x_wconf 84' lang='grc' dir='ltr'><strong><em>τὸν</em></strong></span> <span class='ocrx_word' id='word_1_174' title='bbox 284 2676 527 2770; x_wconf 85' lang='grc' dir='ltr'><strong><em>γυμνικῶτατου</em></strong></span> <span class='ocrx_word' id='word_1_175' title='bbox 539 2692 605 2753; x_wconf 92' lang='grc' dir='ltr'><strong><em>τῶν</em></strong></span> <span class='ocrx_word' id='word_1_176' title='bbox 619 2681 762 2772; x_wconf 82' lang='grc' dir='ltr'><strong><em>ἀγώνιον,</em></strong></span> <span class='ocrx_word' id='word_1_177' title='bbox 779 2689 1031 2772; x_wconf 76' lang='grc' dir='ltr'><strong><em>στεφανοῦσθαι</em></strong></span> <span class='ocrx_word' id='word_1_178' title='bbox 1044 2680 1149 2770; x_wconf 76' lang='grc' dir='ltr'><strong><em>ᾄδων·</em></strong></span> 
     </span>
     <span class='ocr_line' id='line_1_24' title="bbox 117 2781 1150 2875; baseline 0 -25"><span class='ocrx_word' id='word_1_179' title='bbox 117 2781 160 2851; x_wconf 84' lang='grc' dir='ltr'><strong><em>τὰ</em></strong></span> <span class='ocrx_word' id='word_1_180' title='bbox 176 2781 239 2873; x_wconf 85' lang='grc' dir='ltr'><strong><em>γὰρ</em></strong></span> <span class='ocrx_word' id='word_1_181' title='bbox 256 2786 387 2868; x_wconf 88' lang='grc' dir='ltr'><strong><em>Πύθια,</em></strong></span> <span class='ocrx_word' id='word_1_182' title='bbox 410 2788 536 2855; x_wconf 90' lang='grc' dir='ltr'><strong><em>τούτων</em></strong></span> <span class='ocrx_word' id='word_1_183' title='bbox 552 2790 611 2873; x_wconf 79' lang='grc' dir='ltr'><strong><em>μὲν</em></strong></span> <span class='ocrx_word' id='word_1_184' title='bbox 630 2786 736 2875; x_wconf 75' lang='grc' dir='ltr'><strong><em>ἑαυτῷ</em></strong></span> <span class='ocrx_word' id='word_1_185' title='bbox 757 2799 904 2871; x_wconf 90' lang='grc' dir='ltr'><strong><em>μετεῖναι</em></strong></span> <span class='ocrx_word' id='word_1_186' title='bbox 920 2788 1045 2871; x_wconf 82' lang='grc' dir='ltr'><strong><em>μᾶλλον</em></strong></span> <span class='ocrx_word' id='word_1_187' title='bbox 1062 2781 1084 2873; x_wconf 79' lang='grc' dir='ltr'><em>ἢ</em></span> <span class='ocrx_word' id='word_1_188' title='bbox 1101 2790 1150 2871; x_wconf 80' lang='grc' dir='ltr'><strong><em>τῷ</em></strong></span> 
     </span>
     <span class='ocr_line' id='line_1_25' title="bbox 114 2881 1151 2978; baseline -0.003 -21"><span class='ocrx_word' id='word_1_189' title='bbox 114 2881 310 2957; x_wconf 63' lang='grc' dir='ltr'><strong><em>Ἀπόλλωνι·</em></strong></span> <span class='ocrx_word' id='word_1_190' title='bbox 327 2887 485 2978; x_wconf 79' lang='grc' dir='ltr'><strong><em>μηδὲγὰρ</em></strong></span> <span class='ocrx_word' id='word_1_191' title='bbox 499 2887 629 2978; x_wconf 79' lang='grc' dir='ltr'><strong><em>ἀνμηδ’</em></strong></span> <span class='ocrx_word' id='word_1_192' title='bbox 642 2889 761 2957; x_wconf 72' lang='grc' dir='ltr'><strong><em>ἐκεῖνον</em></strong></span> <span class='ocrx_word' id='word_1_193' title='bbox 776 2890 923 2957; x_wconf 75' lang='grc' dir='ltr'><strong><em>ἐναντίαν</em></strong></span> <span class='ocrx_word' id='word_1_194' title='bbox 941 2885 1031 2977; x_wconf 77' lang='grc' dir='ltr'><strong><em>αύτῷ</em></strong></span> <span class='ocrx_word' id='word_1_195' title='bbox 1048 2887 1151 2955; x_wconf 88' lang='grc' dir='ltr'><strong><em>κιθά-</em></strong></span> 
     </span>
     <span class='ocr_line' id='line_1_26' title="bbox 118 2987 1149 3078; baseline 0.006 -23"><span class='ocrx_word' id='word_1_196' title='bbox 118 3014 179 3078; x_wconf 88' lang='grc' dir='ltr'><strong><em>ραν</em></strong></span> <span class='ocrx_word' id='word_1_197' title='bbox 200 3015 237 3057; x_wconf 88' lang='grc' dir='ltr'><strong><em>τε</em></strong></span> <span class='ocrx_word' id='word_1_198' title='bbox 258 2993 313 3056; x_wconf 91' lang='grc' dir='ltr'><strong><em>κοιλ</em></strong></span> <span class='ocrx_word' id='word_1_199' title='bbox 336 2987 423 3077; x_wconf 77' lang='grc' dir='ltr'><strong><em>ᾠδὴν</em></strong></span> <span class='ocrx_word' id='word_1_200' title='bbox 444 2996 585 3058; x_wconf 84' lang='grc' dir='ltr'><strong><em>θέσθαι.</em></strong></span> <span class='ocrx_word' id='word_1_201' title='bbox 621 2989 639 3058; x_wconf 86' lang='grc' dir='ltr'>ὁ</span> <span class='ocrx_word' id='word_1_202' title='bbox 663 2994 700 3058; x_wconf 80' lang='grc' dir='ltr'><strong><em>δὲ</em></strong></span> <span class='ocrx_word' id='word_1_203' title='bbox 718 2988 853 3076; x_wconf 77' lang='grc' dir='ltr'><strong><em>Ἰσθμὸς</em></strong></span> <span class='ocrx_word' id='word_1_204' title='bbox 872 2988 909 3058; x_wconf 87' lang='grc' dir='ltr'><strong><em>ού</em></strong></span> <span class='ocrx_word' id='word_1_205' title='bbox 926 2998 993 3061; x_wconf 91' lang='grc' dir='ltr'><strong><em>τῶν</em></strong></span> <span class='ocrx_word' id='word_1_206' title='bbox 1016 2989 1149 3061; x_wconf 86' lang='grc' dir='ltr'><strong><em>άποθεν</em></strong></span> 
     </span>
     <span class='ocr_line' id='line_1_27' title="bbox 118 3089 1262 3180; baseline 0.002 -21"><span class='ocrx_word' id='word_1_207' title='bbox 118 3089 208 3178; x_wconf 78' lang='grc' dir='ltr'><strong><em>αύτῷ</em></strong></span> <span class='ocrx_word' id='word_1_208' title='bbox 230 3094 503 3175; x_wconf 84' lang='grc' dir='ltr'><strong><em>βεβουλευμένων,</em></strong></span> <span class='ocrx_word' id='word_1_209' title='bbox 529 3089 597 3159; x_wconf 81' lang='grc' dir='ltr'><strong><em>ἀλλ’</em></strong></span> <span class='ocrx_word' id='word_1_210' title='bbox 616 3091 757 3174; x_wconf 78' lang='grc' dir='ltr'><strong><em>έντυχῶν</em></strong></span> <span class='ocrx_word' id='word_1_211' title='bbox 778 3100 817 3180; x_wconf 80' lang='grc' dir='ltr'><strong><em>τῇ</em></strong></span> <span class='ocrx_word' id='word_1_212' title='bbox 839 3092 941 3180; x_wconf 79' lang='grc' dir='ltr'><strong><em>φύσει</em></strong></span> <span class='ocrx_word' id='word_1_213' title='bbox 958 3100 1018 3161; x_wconf 90' lang='grc' dir='ltr'><strong><em>τοῦ</em></strong></span> <span class='ocrx_word' id='word_1_214' title='bbox 1039 3095 1147 3161; x_wconf 90' lang='grc' dir='ltr'><strong><em>τόπου</em></strong></span> <span class='ocrx_word' id='word_1_215' title='bbox 1255 3098 1262 3111; x_wconf 86' lang='grc'>’</span> 
     </span>
     <span class='ocr_line' id='line_1_28' title="bbox 116 3190 1150 3283; baseline 0.006 -26"><span class='ocrx_word' id='word_1_216' title='bbox 116 3195 356 3281; x_wconf 79' lang='grc' dir='ltr'><strong><em>μεγαλουργίας</em></strong></span> <span class='ocrx_word' id='word_1_217' title='bbox 374 3190 518 3282; x_wconf 81' lang='grc' dir='ltr'><strong><em>ἠράσθη,</em></strong></span> <span class='ocrx_word' id='word_1_218' title='bbox 532 3195 590 3263; x_wconf 87' lang='grc' dir='ltr'><strong><em>τόν</em></strong></span> <span class='ocrx_word' id='word_1_219' title='bbox 602 3220 638 3262; x_wconf 89' lang='grc' dir='ltr'><strong><em>τε</em></strong></span> <span class='ocrx_word' id='word_1_220' title='bbox 650 3197 791 3280; x_wconf 85' lang='grc' dir='ltr'><strong><em>βασιλέα</em></strong></span> <span class='ocrx_word' id='word_1_221' title='bbox 802 3201 869 3261; x_wconf 90' lang='grc' dir='ltr'><strong><em>τῶν</em></strong></span> <span class='ocrx_word' id='word_1_222' title='bbox 887 3194 945 3261; x_wconf 74' lang='grc' dir='ltr'><strong><em>ἐπὶ</em></strong></span> <span class='ocrx_word' id='word_1_223' title='bbox 961 3193 1020 3281; x_wconf 81' lang='grc' dir='ltr'><strong><em>τὴν</em></strong></span> <span class='ocrx_word' id='word_1_224' title='bbox 1032 3203 1150 3283; x_wconf 87' lang='grc' dir='ltr'><strong><em>Τροίαν</em></strong></span> 
     </span>
     <span class='ocr_line' id='line_1_29' title="bbox 117 3292 1150 3385; baseline 0.002 -22"><span class='ocrx_word' id='word_1_225' title='bbox 117 3296 202 3363; x_wconf 77' lang='grc' dir='ltr'><strong><em>ποτέ</em></strong></span> <span class='ocrx_word' id='word_1_226' title='bbox 215 3292 350 3380; x_wconf 67' lang='grc' dir='ltr'><strong><em>Ἀχαιῶν</em></strong></span> <span class='ocrx_word' id='word_1_227' title='bbox 368 3296 586 3385; x_wconf 78' lang='grc' dir='ltr'><strong><em>ἐνθυμηθεὶς,</em></strong></span> <span class='ocrx_word' id='word_1_228' title='bbox 607 3293 652 3377; x_wconf 87' lang='grc' dir='ltr'><strong><em>ῶς</em></strong></span> <span class='ocrx_word' id='word_1_229' title='bbox 669 3295 727 3385; x_wconf 83' lang='grc' dir='ltr'><strong><em>τὴν</em></strong></span> <span class='ocrx_word' id='word_1_230' title='bbox 743 3293 890 3381; x_wconf 85' lang='grc' dir='ltr'><strong><em>Εῦβοιαν</em></strong></span> <span class='ocrx_word' id='word_1_231' title='bbox 907 3302 966 3384; x_wconf 83' lang='grc' dir='ltr'><strong><em>τῆς</em></strong></span> <span class='ocrx_word' id='word_1_232' title='bbox 983 3303 1150 3376; x_wconf 85' lang='grc' dir='ltr'><strong><em>Βοιωτίας</em></strong></span> 
     </span>
     <span class='ocr_line' id='line_1_30' title="bbox 31 3394 1150 3491; baseline 0.001 -26"><span class='ocrx_word' id='word_1_233' title='bbox 31 3427 40 3439; x_wconf 88' lang='lat'><em>·</em></span> <span class='ocrx_word' id='word_1_234' title='bbox 119 3394 280 3486; x_wconf 87' lang='grc' dir='ltr'><strong><em>ἀπέτεμεν</em></strong></span> <span class='ocrx_word' id='word_1_235' title='bbox 297 3399 438 3491; x_wconf 78' lang='grc' dir='ltr'><strong><em>Εὐρίπῳ</em></strong></span> <span class='ocrx_word' id='word_1_236' title='bbox 456 3407 504 3489; x_wconf 81' lang='grc' dir='ltr'><strong><em>τῶ</em></strong></span> <span class='ocrx_word' id='word_1_237' title='bbox 522 3404 601 3491; x_wconf 78' lang='grc' dir='ltr'><strong><em>περὶ</em></strong></span> <span class='ocrx_word' id='word_1_238' title='bbox 621 3398 680 3489; x_wconf 82' lang='grc' dir='ltr'><strong><em>τὴν</em></strong></span> <span class='ocrx_word' id='word_1_239' title='bbox 697 3400 860 3480; x_wconf 85' lang='grc' dir='ltr'><strong><em>Χαλκίδα,</em></strong></span> <span class='ocrx_word' id='word_1_240' title='bbox 885 3397 934 3466; x_wconf 80' lang='grc' dir='ltr'><strong><em>ἐ’τι</em></strong></span> <span class='ocrx_word' id='word_1_241' title='bbox 951 3423 988 3485; x_wconf 92' lang='grc' dir='ltr'><strong><em>γε</em></strong></span> <span class='ocrx_word' id='word_1_242' title='bbox 1009 3396 1073 3486; x_wconf 82' lang='grc' dir='ltr'><strong><em>μὴν</em></strong></span> <span class='ocrx_word' id='word_1_243' title='bbox 1094 3402 1150 3466; x_wconf 90' lang='grc' dir='ltr'><strong><em>καλ</em></strong></span> 
     </span>
     <span class='ocr_line' id='line_1_31' title="bbox 118 3497 1150 3595; baseline 0.001 -28"><span class='ocrx_word' id='word_1_244' title='bbox 118 3497 176 3567; x_wconf 84' lang='grc' dir='ltr'><strong><em>τὸν</em></strong></span> <span class='ocrx_word' id='word_1_245' title='bbox 193 3506 353 3592; x_wconf 82' lang='grc' dir='ltr'><strong><em>Δαρεῖον,</em></strong></span> <span class='ocrx_word' id='word_1_246' title='bbox 368 3501 414 3586; x_wconf 88' lang='grc' dir='ltr'><strong><em>ῶς</em></strong></span> <span class='ocrx_word' id='word_1_247' title='bbox 432 3502 450 3574; x_wconf 83' lang='grc' dir='ltr'>ὁ</span> <span class='ocrx_word' id='word_1_248' title='bbox 468 3505 647 3595; x_wconf 83' lang='grc' dir='ltr'><strong><em>Βόσπορος</em></strong></span> <span class='ocrx_word' id='word_1_249' title='bbox 669 3502 868 3594; x_wconf 78' lang='grc' dir='ltr'><strong><em>ἐγεφυρώθη</em></strong></span> <span class='ocrx_word' id='word_1_250' title='bbox 888 3497 978 3590; x_wconf 76' lang='grc' dir='ltr'><strong><em>αύτῷ</em></strong></span> <span class='ocrx_word' id='word_1_251' title='bbox 997 3500 1055 3571; x_wconf 77' lang='grc' dir='ltr'><strong><em>ἐπὶ</em></strong></span> <span class='ocrx_word' id='word_1_252' title='bbox 1071 3500 1150 3581; x_wconf 84' lang='grc' dir='ltr'><strong><em>τοὺς</em></strong></span> 
     </span>
     <span class='ocr_line' id='line_1_32' title="bbox 118 3601 1151 3700; baseline 0 -29"><span class='ocrx_word' id='word_1_253' title='bbox 118 3601 269 3681; x_wconf 85' lang='grc' dir='ltr'><strong><em>Σκύθας·</em></strong></span> <span class='ocrx_word' id='word_1_254' title='bbox 295 3604 338 3673; x_wconf 84' lang='grc' dir='ltr'><strong><em>τὰ</em></strong></span> <span class='ocrx_word' id='word_1_255' title='bbox 360 3609 397 3675; x_wconf 78' lang='grc' dir='ltr'><strong><em>δὲ</em></strong></span> <span class='ocrx_word' id='word_1_256' title='bbox 418 3611 540 3696; x_wconf 83' lang='grc' dir='ltr'><strong><em>Ξέρξου</em></strong></span> <span class='ocrx_word' id='word_1_257' title='bbox 563 3612 619 3676; x_wconf 83' lang='grc' dir='ltr'><strong><em>καλ</em></strong></span> <span class='ocrx_word' id='word_1_258' title='bbox 635 3605 707 3700; x_wconf 78' lang='grc' dir='ltr'><strong><em>πρὸ</em></strong></span> <span class='ocrx_word' id='word_1_259' title='bbox 729 3606 855 3675; x_wconf 89' lang='grc' dir='ltr'><strong><em>τούτων</em></strong></span> <span class='ocrx_word' id='word_1_260' title='bbox 881 3606 964 3685; x_wconf 79' lang='grc' dir='ltr'><strong><em>ἰ’σως</em></strong></span> <span class='ocrx_word' id='word_1_261' title='bbox 990 3603 1151 3691; x_wconf 75' lang='grc' dir='ltr'><strong><em>ἐνενόησε,</em></strong></span> 
     </span>
     <span class='ocr_line' id='line_1_33' title="bbox 117 3702 1150 3800; baseline 0.001 -29"><span class='ocrx_word' id='word_1_262' title='bbox 117 3708 257 3791; x_wconf 87' lang='grc' dir='ltr'><strong><em>μέγιστα</em></strong></span> <span class='ocrx_word' id='word_1_263' title='bbox 281 3713 347 3775; x_wconf 90' lang='grc' dir='ltr'><strong><em>τῶν</em></strong></span> <span class='ocrx_word' id='word_1_264' title='bbox 372 3712 617 3800; x_wconf 89' lang='grc' dir='ltr'><strong><em>μεγαλουργιῶν</em></strong></span> <span class='ocrx_word' id='word_1_265' title='bbox 639 3707 731 3793; x_wconf 75' lang='grc' dir='ltr'><strong><em>ὄντα,</em></strong></span> <span class='ocrx_word' id='word_1_266' title='bbox 755 3713 812 3777; x_wconf 88' lang='grc' dir='ltr'><strong><em>καὶ</em></strong></span> <span class='ocrx_word' id='word_1_267' title='bbox 838 3707 924 3797; x_wconf 87' lang='grc' dir='ltr'><strong><em>πρὸς</em></strong></span> <span class='ocrx_word' id='word_1_268' title='bbox 949 3707 1082 3785; x_wconf 82' lang='grc' dir='ltr'><strong><em>τούτοις</em></strong></span> <span class='ocrx_word' id='word_1_269' title='bbox 1104 3702 1150 3786; x_wconf 88' lang='grc' dir='ltr'><strong><em>ῶς</em></strong></span> 
     </span>
     <span class='ocr_line' id='line_1_34' title="bbox 118 3805 1151 3898; baseline 0.003 -25"><span class='ocrx_word' id='word_1_270' title='bbox 118 3813 166 3894; x_wconf 78' lang='grc' dir='ltr'><strong><em>τῷ</em></strong></span> <span class='ocrx_word' id='word_1_271' title='bbox 185 3805 226 3875; x_wconf 80' lang='grc' dir='ltr'><strong><em>δι’</em></strong></span> <span class='ocrx_word' id='word_1_272' title='bbox 243 3805 354 3897; x_wconf 83' lang='grc' dir='ltr'><strong><em>ὀλίγον</em></strong></span> <span class='ocrx_word' id='word_1_273' title='bbox 375 3807 529 3897; x_wconf 81' lang='grc' dir='ltr'><strong><em>ἀλλήλους</em></strong></span> <span class='ocrx_word' id='word_1_274' title='bbox 547 3812 699 3896; x_wconf 74' lang='grc' dir='ltr'><strong><em>ἐπιμῖξαι</em></strong></span> <span class='ocrx_word' id='word_1_275' title='bbox 716 3812 844 3890; x_wconf 88' lang='grc' dir='ltr'><strong><em>πάντας</em></strong></span> <span class='ocrx_word' id='word_1_276' title='bbox 862 3811 990 3878; x_wconf 83' lang='grc' dir='ltr'><strong><em>ε’ίσαιτο</em></strong></span> <span class='ocrx_word' id='word_1_277' title='bbox 1007 3808 1065 3898; x_wconf 82' lang='grc' dir='ltr'><strong><em>τὴν</em></strong></span> <span class='ocrx_word' id='word_1_278' title='bbox 1080 3806 1151 3877; x_wconf 73' lang='grc' dir='ltr'><strong><em>Ἑλ·</em></strong></span> 
     </span>
     <span class='ocr_line' id='line_1_35' title="bbox 118 3910 1182 4007; baseline 0.003 -30"><span class='ocrx_word' id='word_1_279' title='bbox 118 3910 205 3979; x_wconf 88' lang='grc' dir='ltr'><strong><em>λάδα</em></strong></span> <span class='ocrx_word' id='word_1_280' title='bbox 223 3913 384 4002; x_wconf 83' lang='grc' dir='ltr'><strong><em>λαμπρῶς</em></strong></span> <span class='ocrx_word' id='word_1_281' title='bbox 402 3912 583 3981; x_wconf 77' lang='grc' dir='ltr'><strong><em>ἑστιᾶσθαι</em></strong></span> <span class='ocrx_word' id='word_1_282' title='bbox 599 3927 671 4007; x_wconf 84' lang='grc' dir='ltr'><strong><em>τοῖς</em></strong></span> <span class='ocrx_word' id='word_1_283' title='bbox 693 3914 832 4003; x_wconf 70' lang='grc' dir='ltr'><strong><em>ἔξωθεν·</em></strong></span> <span class='ocrx_word' id='word_1_284' title='bbox 861 3913 897 3979; x_wconf 79' lang='grc' dir='ltr'><strong><em>αλ</em></strong></span> <span class='ocrx_word' id='word_1_285' title='bbox 916 3911 979 4002; x_wconf 85' lang='grc' dir='ltr'><strong><em>γὰρ</em></strong></span> <span class='ocrx_word' id='word_1_286' title='bbox 996 3913 1149 4000; x_wconf 89' lang='grc' dir='ltr'><strong><em>τύραννοι</em></strong></span> <span class='ocrx_word' id='word_1_287' title='bbox 1180 3964 1182 3970; x_wconf 82' lang='lat'>-</span> 
     </span>
     <span class='ocr_line' id='line_1_36' title="bbox 55 4012 1150 4106; baseline 0.001 -24"><span class='ocrx_word' id='word_1_288' title='bbox 55 4039 62 4047; x_wconf 89' lang='lat'><strong>·</strong></span> <span class='ocrx_word' id='word_1_289' title='bbox 120 4014 238 4103; x_wconf 77' lang='grc' dir='ltr'><strong><em>φύσεις</em></strong></span> <span class='ocrx_word' id='word_1_290' title='bbox 258 4016 426 4101; x_wconf 76' lang='grc' dir='ltr'><strong><em>μεθύουσι</em></strong></span> <span class='ocrx_word' id='word_1_291' title='bbox 447 4018 520 4103; x_wconf 82' lang='grc' dir='ltr'><strong><em>μέν,</em></strong></span> <span class='ocrx_word' id='word_1_292' title='bbox 544 4019 696 4106; x_wconf 81' lang='grc' dir='ltr'><strong><em>ψαύουσι</em></strong></span> <span class='ocrx_word' id='word_1_293' title='bbox 718 4019 755 4086; x_wconf 81' lang='grc' dir='ltr'><strong><em>δέ</em></strong></span> <span class='ocrx_word' id='word_1_294' title='bbox 778 4042 827 4106; x_wconf 88' lang='grc' dir='ltr'><strong><em>πη</em></strong></span> <span class='ocrx_word' id='word_1_295' title='bbox 850 4019 906 4084; x_wconf 90' lang='grc' dir='ltr'><strong><em>καὶ</em></strong></span> <span class='ocrx_word' id='word_1_296' title='bbox 928 4012 1068 4085; x_wconf 87' lang='grc' dir='ltr'><strong><em>ἀκουσαι</em></strong></span> <span class='ocrx_word' id='word_1_297' title='bbox 1089 4024 1150 4084; x_wconf 80' lang='grc' dir='ltr'><strong><em>τοῦ</em></strong></span> 
     </span>
    </p>
   </div>
   <div class='ocr_carea' id='block_1_4' title="bbox 0 0 1370 4584">
    <p class='ocr_par' dir='ltr' id='par_1_7' title="bbox 0 0 1370 4584">
     <span class='ocr_line' id='line_1_37' title="bbox 0 0 1370 4584; baseline 0 0"><span class='ocrx_word' id='word_1_298' title='bbox 0 0 1370 4584; x_wconf 95' lang='lat' dir='ltr'><strong><em> </em></strong></span> 
     </span>
    </p>
   </div>
  </div>
 </body>
</html>
