2782 4574
247 165 386 224 LXVIII.
405 164 514 220 ΠΕΡΙ
535 165 621 219 ΤΗΣ
642 165 789 221 ΠΕΡΕΓ.
807 165 898 229 ΤΕΔ.
917 167 1002 222 1-7.
1078 154 1139 221 161

107 272 333 358 ἐπιβοωμένου
347 273 402 337 καλ
416 265 542 338 ἅπασιν
557 267 765 352 ἁπαξαπλῶς
778 272 1042 357 λοιδορουμένου.
1068 269 1142 341 εἶτα

8 402 9 415 ·
105 376 275 463 κατέληξεν
294 371 382 460 αὐτῷ
400 369 420 460 ῆ
438 371 501 460 βοὴ
521 372 554 452 ές
570 371 628 440 τὸν
644 378 799 463 Πρωτέα·
817 376 873 441 καὶ
892 371 938 454 ιῦς
957 370 997 441 ἀν
1016 373 1087 455 οίός
1104 401 1141 442 τε

106 470 149 560 ὦ,
173 477 382 566 πειράσομαί
399 500 456 544 σοι
473 472 558 543 αότά
576 475 682 543 έκεῖνο
701 472 991 566 ἀπομνημονεῦσαι
1009 475 1055 557 ὡς
1074 477 1143 544 m-

8 600 10 657 η
107 605 191 671 γετο.
229 577 268 648 σὺ
287 581 324 647 δέ
341 591 491 668 γνωριεῖς
510 576 633 667 δηλαδὴ
655 582 817 660 πολλάκις
835 578 950 660 αὐτοῖς
967 580 1143 668 παραστὰς

107 690 224 772 βοῶσι.
247 679 411 772 αΠρωτέα
428 682 491 769 γάρ
504 678 585 761 τις,”
607 683 680 771 ἔφη,
697 679 893 764 “κενόδοξον
906 687 1013 772 τολμᾷ
1027 687 1139 771 λέγειν,
1160 705 1178 754 4

110 777 138 854 ὦ
153 792 192 873 γῆ
211 788 267 853 καὶ
280 781 351 872 ῆλιε
364 787 420 852 καὶ
433 786 581 868 ποταμοί
593 787 650 851 καί
663 786 887 853 θάλαττακαὶ
901 792 1036 874 πατρῷε
1046 783 1143 874 Ἡρά-

109 891 206 969 κλεις,
235 894 374 975 Πρωτέα
401 886 458 955 τὸν
486 885 518 954 έν
540 894 645 977 Συρία
672 888 826 970 δεθέντα,
853 887 910 956 τὸν
937 896 976 977 τῆ
1004 890 1143 977 πατρίδι
1233 908 1240 913 “

110 990 225 1060 ἀνέντα
238 993 487 1073 πεντακισχίλια
499 989 652 1070 τάλαντα,
672 989 728 1058 τὸν
746 988 816 1059 ἀπὸ
830 998 888 1080 τῆς
899 988 1064 1077 Ῥωμαίων
1077 991 1144 1059 πό-

109 1099 190 1173 λεως
209 1092 420 1181 έκβληθέντα,
438 1091 495 1160 τὸν
508 1099 568 1160 τοῦ
580 1090 688 1160 Ἡλίου
704 1093 953 1180 ἐπισημότερον,
973 1093 1029 1162 τὸν
1044 1092 1143 1161 ἀντα-

108 1202 319 1287 γωνίσασθαι
340 1199 396 1262 καὶ
417 1192 508 1284 αότηῖ
529 1202 577 1283 τῷ
597 1192 760 1284 Ὀλυμπίῳ
781 1197 968 1281 δυνάμενον.
1005 1194 1073 1264 ἀλλ’
1089 1194 1144 1263 ότι
1174 1276 1178 1281 .

110 1298 166 1368 διὰ
187 1296 294 1386 πυρὸς
315 1297 441 1385 ἐξάγειν
462 1304 521 1366 τοῦ
543 1303 619 1382 βίου
643 1298 812 1385 διέγνωκεν
836 1296 965 1380 ἑαυτὸν,
994 1299 1028 1378 ές
1053 1324 1143 1366 κενο-
1222 1320 1250 1335 ’-

109 1404 221 1483 δοξίαν
238 1401 323 1480 τινές
339 1408 437 1469 τοῦτο
456 1398 686 1489 ἀναφέρουσιν.
715 1398 753 1467 οό
772 1399 833 1489 γὰρ
848 1398 1003 1489 Ἡρακλῆς
1022 1398 1143 1484 οότως;

110 1500 148 1573 οό
164 1501 228 1591 γὰρ
242 1500 437 1591 Ἀσκληπιὸς
453 1507 509 1570 καὶ
527 1504 690 1583 Διόνυσος
706 1510 850 1592 κεραυνῷ
856 1532 867 1586 ,·
892 1500 930 1570 οὐ
949 1502 1011 1590 γὰρ
1030 1502 1072 1572 τά
1089 1528 1143 1570 τε-

6 1596 8 1639 ί
109 1602 468 1694 λευταῖαἜμπεδοκλῆς
478 1605 511 1685 ές
520 1604 598 1686 τοὺς
610 1612 773 1695 κρατῆρας
778 1602 814 1689 5³³
831 1603 922 1686 ιδςδέ
933 1614 1037 1673 ταῦτα
1050 1603 1142 1674 εἶπεν
1161 1627 1178 1677 5

92 1707 128 1794 ,ὃ
150 1714 305 1797 θεαγένης
323 1750 364 1758 -
382 1716 479 1777 τοῦτο
497 1707 559 1798 γὰρ
578 1706 596 1777 ό
612 1698 779 1797 κεκραγὼς
797 1708 918 1788 ἐκεῖνος
937 1708 1082 1777 ἐκαλεῖτο
1100 1749 1144 1759 -

6 1810 8 1819 ’
108 1810 234 1904 ἠρόμην
251 1811 325 1879 τινὰ
346 1818 412 1879 τῶν
433 1812 666 1900 παρεστώτων,
689 1818 723 1878 τί
743 1813 900 1896 βούλεται
921 1811 959 1880 τὸ
983 1816 1061 1897 περὶ
1083 1818 1143 1880 τοῦ

108 1914 215 2002 πυρὸς
233 1912 254 2002 ἢ
275 1921 309 1981 τί
323 1911 478 2003 Ἡρακλῆς
499 1917 554 1980 καὶ
569 1911 789 2002 Ἐμπεδοκλῆς
811 1913 897 2003 πρὸς
918 1914 975 1981 τὸν
993 1920 1142 2002 Πρωτέα.

109 2016 129 2087 ό
150 2019 198 2099 δὲ,
219 2014 303 2085 ((οὗκ
326 2016 359 2095 ές
381 2013 536 2107 μακρὰν,”
563 2016 641 2105 ἔφη,
664 2013 802 2083 ε(καόσει
820 2016 935 2083 ἑαυτὸν
954 2014 972 2083 ό
991 2015 1144 2104 Πρωτεὺς

107 2117 330 2207 Ὅλομπίασι.”
364 2116 506 2201 “πιῦς,”,
523 2118 613 2208 ἐ’φην,
634 2115 679 2207 “ῆ
696 2124 785 2199 τίνος
803 2116 933 2202 ἕνεκα,·”
959 2117 1030 2186 εἶτα
1049 2116 1066 2185 ὁ
1085 2121 1144 2202 μὲν

112 2223 270 2311 ἐπειρᾶτο
293 2225 410 2311 λέγειν,
440 2221 522 2309 ἐβόα
548 2223 584 2288 δὲ
612 2219 629 2288 ό
657 2221 784 2302 κυνικὸς
812 2218 896 2289 ὥστε
920 2219 1084 2307 ἀμήχανον
1105 2211 1145 2308 ῆν

110 2324 211 2394 ἀλλου
239 2324 379 2394 ἀκούειν.
425 2324 586 2414 ἐπήκουον
614 2314 670 2392 οάν
700 2323 743 2392 τὰ
774 2323 878 2393 λοιπὰ
910 2324 1149 2409 ἐπαντλοῦντοςΙ

109 2426 214 2497 αὐτοῦ
235 2432 291 2497 καὶ
313 2429 514 2514 θαυμαστάς
535 2455 627 2508 τινας
648 2426 836 2516 ὑπερβολὰς
863 2428 1041 2509 διεξιόντος
1062 2426 1145 2494 κατὰ

108 2538 171 2600 τοῦ
193 2536 372 2622 Πρωτέως·
397 2529 456 2599 τὸν
476 2529 618 2619 μὲνγὰρ
640 2538 797 2600 Σινωπέα
819 2527 841 2618 ῆ
862 2530 920 2599 τὸν
947 2531 1147 2599 διδάσκαλον

108 2630 214 2702 αὐτοῦ
233 2631 438 2720 Ἅντισθένῆν
465 2630 541 2700 οὐδὲ
568 2636 795 2723 παραβάλλειν
821 2631 914 2721 ἠξίου
942 2630 1046 2721 αότῴ,
1074 2629 1142 2700 ἀλλ’

108 2735 190 2807 οὐδὲ
214 2735 272 2804 τὸν
293 2736 470 2823 Σωκράτην
497 2733 610 2817 αὐτὸν,
640 2737 747 2806 ἐκάλει
774 2739 810 2804 δέ
832 2735 889 2804 τόν
912 2743 977 2805 Δία
1005 2736 1062 2802 ἐπὶ
1087 2733 1146 2824 τῆν

107 2837 263 2925 ἅμιλλαν.
303 2831 376 2905 εἶτα
397 2844 510 2929 μέντοι
533 2838 643 2920 ἔδοξεν
665 2838 755 2927 αὐτῷ
782 2841 876 2919 λ’σους
898 2865 972 2919 πως
999 2838 1147 2926 φυλάξαι

108 2939 232 3019 αὐτοὺς
249 2943 305 3008 καὶ
323 2936 409 3007 οὕτω
429 2945 617 3009 κατέπαυσε
634 2941 691 3010 τὸν
710 2944 820 3028 λόγον·
837 2938 921 3009 “δόο
934 2940 996 3029 γάρ
1010 2939 1143 3023 ταῦτα,”
1165 2963 1180 3012 6

107 3046 191 3134 ἔφη,
207 3040 251 3110 “δ
268 3049 343 3129 βίος
361 3038 481 3130 ἀριστα
513 3045 784 3132 δημιουργήματα
803 3043 983 3125 ἐθεάσατο,
1007 3043 1064 3112 τὸν
1081 3050 1147 3112 Δία

106 3148 169 3219 τὸν
184 3146 356 3233 Ὀλύμπιον
373 3150 428 3214 καί
445 3153 601 3233 Πρωτέα·
624 3149 773 3214 πλάσται
792 3148 828 3214 δέ
850 3150 906 3213 καλ
927 3159 1071 3228 τεχνῖται
1087 3152 1146 3214 τοῦ

107 3253 172 3339 μὲν
197 3252 345 3333 Φειδίας,
373 3257 432 3318 τοῦ
457 3252 493 3318 δέ
514 3246 534 3337 ῆ
559 3249 669 3338 φύσις.
711 3246 795 3315 ἀλλά
821 3256 876 3341 ηὗν
899 3248 935 3331 ἐξ
956 3247 1148 3334 ἀνθρώπων

106 3355 148 3435 ές
165 3352 269 3434 θεοὺς
285 3351 324 3421 τὸ
344 3351 476 3441 ἀγαλμα
497 3359 596 3421 τοῦτο
619 3353 788 3441 οἰχήσεται
810 3348 986 3436 ὀχούμενον
1009 3349 1066 3418 ἐπὶ
1087 3356 1147 3418 τοῦ

107 3455 236 3544 πυρὸς,
266 3452 432 3549 ὀρφανοὺς
457 3454 544 3545 ῆμάς
569 3452 783 3524 καταλιπόν.”
820 3462 925 3523 ταῦτα
952 3452 1010 3523 σὺν
1032 3457 1147 3542 πολλῷ

108 3561 232 3646 ἱδρῶτι
253 3558 434 3640 διεξελθὼν
457 3558 593 3649 έδάκροε
614 3561 706 3645 μάλα
728 3563 865 3646 γελοίως
882 3562 937 3626 καί
957 3557 1018 3637 τὰς
1035 3564 1148 3648 τρίχας

110 3661 257 3729 ἐτίλλετο
277 3658 541 3750 ὗποφειδόμενος
558 3661 603 3750 μὴ
622 3663 709 3731 πάνυ
729 3662 841 3730 ἕλκειν.
877 3665 933 3728 καὶ
948 3665 1042 3741 τέλος
1060 3658 1148 3747 ἀπῆ-

106 3791 169 3853 γον
197 3761 298 3833 αότδν
324 3765 472 3847 λύζοντα
483 3764 606 3849 μεταξὺ
629 3772 696 3834 τῶν
721 3771 859 3832 κυνικῶν
880 3788 966 3843 τινες
993 3782 1149 3851 παραμυὲ

105 3869 287 3952 θοόμενοι.

161 3969 259 4118 imm&
274 3972 315 4038 δὲ
331 3978 447 4040 τοῦτον
466 3967 565 4052 ἀλλος
583 3969 687 4053 εὐθὺς
705 3970 874 4062 ἀναβαίνει
898 3971 936 4042 οὗ
955 3978 1149 4064 περιμείνας
1165 3996 1184 4049 τ

184 4075 260 4118 υσὶοκί
273 4075 316 4118 vol.
326 4074 364 4118 111.
928 4110 931 4115 .
945 4077 977 4132 11
