2730 4584
211 189 278 257 288
599 184 856 257 Λουκιιαοτ

211 305 366 393 άμαθίας
391 331 455 391 μου
482 315 580 392 κατεγ
581 310 726 372 λ.νιοσκον
770 296 808 393 ἦν
830 301 862 372 δ’
878 302 942 392 ἐγὼ
964 302 1051 394 πρὸς
1072 306 1243 395 Κράτωνα,

207 407 304 495 “μῶν
321 416 428 488 κακῶς
445 408 555 476 πάντα
574 407 806 495 ἓξερρίνισα,”
790 404 827 475 ιν’
844 408 930 475 ε’ίπω
947 434 982 474 τι
998 411 1245 495 κωμικουοόμο-
1359 440 1361 443 ’

212 537 277 595 νος,
296 508 409 580 καλου
427 536 511 578 κατα
496 507 802 597 Αρίοτανδρον
769 537 826 578 τον
847 513 1013 598 Τελμησία
1030 508 1244 600 καίΛρτεμί-

177 654 180 663 ·
212 613 374 704 δωρον
341 639 398 682 τον
416 612 567 701 Ἐφέσιον
589 612 638 694 ἐξί
635 637 755 699 χνευσα
776 624 849 693 τοῖς
870 609 923 681 όνε
926 609 1071 698 ίρασινςῃ
1099 606 1120 703 ἦ
1145 612 1211 683 δ’“
1192 642 1241 700 ος,

208 715 230 741 “
234 723 320 804 σίγα,
340 743 368 783 ω
354 707 515 840 Κριτία,
536 740 566 783 ει
556 714 766 800 ’ἒχεμυθεῖς
785 716 1032 803 μυσταγωγήσω
1051 740 1089 784 σε
1105 715 1148 783 τὰ
1164 718 1243 787 κάλ-
1346 758 1350 763 ·

210 920 280 989 ἀλλ’
275 919 413 1043 άληθή,
433 920 627 1010 δκβήσονται
645 922 682 988 δὲ
699 920 733 1000 ἐς
748 927 835 1044 μήνα
852 917 1008 1005 Mwopl.³³
1041 928 1146 989 ταῦτα
1163 921 1243 1012 ἄκη-

210 1010 297 1104 κοός
315 1021 409 1111 παρὰ
425 1050 484 1091 του
470 1025 673 1113 Κρότωνος
689 1022 795 1091 καὶ
761 1049 800 1092 το
820 1021 1058 1110 ὀλισθηρὸν
1018 1050 1076 1112 της
1095 1026 1243 1107 διανοίας
1359 1026 1361 1071 ³

211 1124 320 1197 αότῶν
344 1124 553 1212 κατεγνωκὼς
579 1123 770 1216 ἠρυθρίασα
794 1129 851 1193 καὶ
882 1127 1134 1215 σκυθρωπάζων
1161 1127 1243 1196 δπο-
1360 1172 1361 1175 =

209 1228 351 1318 ρευόμην
363 1227 472 1296 πολλὰ
485 1229 711 1320 τὸνΚράτωνα
726 1229 1006 1319 ἐπιμεμφόμενος.
1030 1226 1077 1308 είς
1091 1231 1127 1298 δ
1141 1231 1241 1319 δριμὺ
1359 1286 1361 1311 2

210 1334 266 1399 καὶ
282 1334 460 1412 τιτανῶδες
478 1331 592 1400 ἐνιδὼν
610 1332 812 1421 δραξάμενός
828 1358 893 1418 μου
911 1339 970 1399 τοῦ
983 1332 1118 1411 λιόπους
1136 1332 1263 1400 &meda

204 1458 329 1558 ,ρησσε,
353 1436 473 1558 ῥήτρην
490 1436 705 1524 ποιήσασθαι
722 1435 928 1520 πειθόμενός
949 1437 1057 1502 τεκαὶ
1075 1460 1243 1523 παρανυτ-

138 1559 193 1639 23
210 1538 347 1622 τόμενος
364 1537 457 1622 παρὰ
474 1563 533 1606 του
519 1535 866 1623 πεπαλαιωμένουέ
867 1544 973 1604 κείνου
992 1538 1127 1621 δαιμονί
1127 1563 1175 1605 ου.
1208 1538 1242 1620 ἐς

209 1640 327 1733 λόγους
346 1640 502 1707 δὲταῦτα
524 1665 665 1729 παροκτε
668 1647 792 1719 ίναντες
812 1645 930 1728 πείθει
947 1664 988 1721 με
1009 1638 1067 1706 τὸν
1086 1641 1243 1708 κακοδαί-

209 1766 295 1826 μονα
314 1740 403 1820 ἐς
364 1766 485 1829 γοητας
482 1740 706 1831 ἀνθρώπους
719 1725 970 1830 παραγενέσθαι
983 1768 1038 1809 και
1027 1740 1238 1867 ἀποφράδι,

210 1841 248 1910 τδ
272 1840 312 1968 δή
335 1844 516 1931 λεγόμενον,
539 1848 646 1934 ήμέρηι
667 1851 881 1933 συγκυρήοαι·
905 1843 1042 1933 ε’φαοκε·
1050 1844 1112 1934 γὰρ
1130 1847 1243 1914 πάντα

209 1943 306 2026 ἐξ’
267 1953 374 2014 αυτιῦν
394 1947 706 2037 μοσταγιυγηθήναι
741 1974 782 2014 κα
785 1946 860 2035 λδή
884 1948 1064 2035 διήλθομεν
1087 1950 1242 2035 σιδηρείας

206 2072 244 2114 τε
261 2049 370 2127 πύλας
391 2075 447 2116 και
435 2051 622 2133 χαλκέους
644 2047 777 2132 οόδοδς,
806 2047 1044 2138 ἇναβάθραςδ
1045 2052 1241 2132 ὲπλείστας

208 2152 533 2238 περικυκλωσάμενοι
551 2151 585 2232 ἐς
604 2154 814 2242 χρυσόρυφον
838 2150 926 2221 οἷκον
948 2148 1146 2240 ἀνήλθομεν,
1170 2153 1240 2220 οίον

200 2248 338 2342 Ὅμηρος
353 2253 411 2322 τὸν
428 2255 596 2324 Μενελάου
618 2261 714 2344 φησί.
748 2258 805 2322 καὶ
828 2255 866 2343 δή
890 2251 1023 2323 ἅπαντα
1045 2254 1240 2337 ἐσκοπίαζον

208 2352 273 2423 ὅσα
296 2354 314 2424 ὃ
338 2358 499 2446 νησιώτης
517 2358 642 2439 ἐκεῖνος
663 2364 840 2438 νεανίσκος.
881 2355 949 2446 δρῶ
972 2359 1009 2424 δὲ
1031 2354 1090 2441 οόχ
1104 2355 1238 2443 Ἑλένην,

185 2484 254 2547 μα
276 2455 342 2539 Δί,
306 2457 439 2525 ίάλλ
456 2456 577 2549 ἄνδρας
600 2461 842 2550 ἐπικεκυφότας
864 2466 920 2527 καί
941 2466 1240 2549 κατωχριωμένους.

207 2559 241 2626 οἱ
259 2561 296 2626 δὲ
314 2511 439 2640 ιδόντες
455 2563 608 2692 γήθησαν
624 2590 680 2631 και
669 2563 762 2646 35³
747 2571 855 2632 εναντί
855 2590 894 2642 ας
906 2569 1138 2652 παρεγένοντο
1156 2563 1242 2652 λ’φα-

205 2685 284 2729 σκον
309 2662 372 2754 γὰρ
396 2661 442 2743 ὥς
464 2665 498 2731 3'3'
515 2692 588 2732 τινα
598 2665 730 2789 λυγρὰν
753 2663 946 2753 ἀγγελίαν)
927 2667 1113 2753 αγάγοιμεν,
1143 2665 1242 2755 ἐφαί-

204 2790 299 2832 νοντο
316 2764 378 2855 γάρ
397 2757 490 2834 οὗτοι
508 2793 553 2847 ως
571 2766 613 2835 τὰ
630 2769 770 2837 κάκιστα
785 2766 955 2853 εὐχόμενοι
967 2772 1023 2835 καὶ
1038 2769 1168 2855 ε’χαιρον
1182 2768 1241 2836 ἐπί

204 2879 277 2946 τοῖς
298 2866 482 2956 λυγροῖς’
453 2894 566 2955 ωσπερ
590 2871 626 2937 αἱ
648 2875 844 2940 ποινοποιοὶ
862 2870 921 2941 ἐπὶ
942 2866 1086 2958 θέατρα,
1109 2870 1170 2951 τὰς
1186 2897 1241 2939 κο·

204 2972 316 3057 φαλας
333 2968 365 3038 δ’
377 2968 452 3058 ἄγχι
470 2973 602 3056 σχόντες
615 2972 823 3064 ἐφιθόριζον.
849 2973 933 3058 μετὰ
948 2974 1039 3041 δὲτὰ
1052 2971 1170 3063 ήροντό
1185 3000 1239 3060 με,

259 3078 314 3153 Τίς
331 3075 442 3147 πόθεν
460 3072 508 3155 εἷς
526 3073 662 3162 ἀνδρῶν,
682 3078 773 3145 πόθι
788 3102 843 3145 τοι
860 3078 960 3156 πόλις
976 3074 1035 3171 ήδλ
1051 3084 1182 3160 τοκήες,·

201 3174 342 3263 χρηστὸς
363 3176 428 3265 γὰρ
445 3176 485 3246 όν
504 3179 573 3267 ε’ίης
596 3177 666 3247 όιπό
688 3186 803 3266 γετοῦ
821 3177 1017 3267 σχήματος.”
1055 3171 1094 3268 ήν
1112 3178 1144 3247 δ’
1162 3179 1238 3268 eya),
1358 3260 1359 3265 γ

154 3330 157 3333 -
200 3274 331 3366 “bklyot
348 3306 384 3367 γε
400 3284 547 3369 χρηστοί,
568 3277 682 3368 ὥσπερ
699 3284 824 3367 βλέπω,
843 3289 1026 3366 πανταχοῦ·
1044 3289 1183 3373 Κριτίας
1199 3283 1239 3352 δὲ
1358 3272 1359 3295 ’

152 3402 186 3450 24
203 3378 356 3468 τοόνομα,
376 3385 477 3465 πόλις
495 3386 533 3452 δέ
548 3412 608 3470 μοι
625 3386 721 3453 ἔνθεν
735 3381 817 3453 ὅθεν
829 3389 886 3453 καί
901 3383 1007 3470 δμῖν.”
1037 3383 1083 3465 ὥς
1097 3383 1128 3452 δ’
1141 3382 1240 3474 άερο-

201 3492 379 3570 βατοόντες
401 3486 629 3557 ἐπυνθάνοντο
651 3494 727 3567 πῶς
743 3488 787 3556 τὰ
803 3496 862 3577 τῆς
883 3489 1014 3568 πόλεως
1035 3492 1092 3556 καὶ
1113 3488 1156 3556 τδι
1177 3495 1238 3556 τοῦ

201 3589 276 3683 κόσγ
276 3614 342 3670 ιον,
361 3580 399 3677 ήν
418 3588 448 3657 δ’
461 3589 539 3677 ἐγὼ,
556 3587 734 3682 “χαίρουσί
749 3617 786 3680 γε
803 3592 926 3671 πάντες
942 3595 997 3669 καὶ
1016 3590 1066 3659 δτι
1082 3617 1119 3679 γε
1134 3591 1239 3679 χαρή-

202 3711 330 3759 σονται·
334 3688 409 3759 ”ol
422 3694 458 3761 δὲ
471 3691 620 3763 ἀνένευον
636 3708 711 3775 ταῖς
729 3692 879 3784 ὀφρύσιν,
895 3692 978 3779 “οόχ
992 3691 1094 3762 οότω·
1118 3697 1238 3763 δυστο-

200 3807 253 3861 κεῖ
276 3793 338 3884 γάρ
364 3791 384 3883 ή
407 3794 536 3878 πόλις.ῃ
573 3789 611 3887 ἦν
639 3795 671 3866 δ’
689 3797 751 3885 ἐγώ
774 3797 858 3866 κατὰ
879 3798 937 3887 τήν
960 3795 1068 3865 αότιῦν
1089 3798 1237 3922 γηιόμην

197 3892 316 3979 ’.ὑμεῖς
341 3897 573 3983 πεδάρσιοι”
552 3926 642 3980 οντες
671 3899 784 3968 καὶ
759 3929 805 3981 τος
836 3900 906 3970 άπὸ
929 3897 1118 4028 υφηλοῦ(
1101 3897 1237 3969 άπαντα

199 4004 445 4084 καθορῶντεςο
427 4000 704 4101 ὀξυδερκίστατα
704 4007 760 4073 καὶ
780 4006 862 4075 τάδε
882 4007 1064 4095 νενοήκατε.
1100 4011 1176 4084 πῶς
1197 4004 1239 4072 33
