2782 4574
317 197 440 256 LXVII.
464 196 692 257 mmmm
709 198 927 258 ΔΙΔΔΟΓΟΙ
948 200 973 257 1.
986 201 1019 271 λζ
1115 187 1180 257 131

280 440 285 447 ,
651 390 677 443 2.

143 480 148 485 ⁶
262 488 460 547 ΜΥΡΤΙΟΝ
480 488 557 545 ΚΑΙ
578 489 811 548 ΠΑΜΦΙΔΟΣ
832 491 907 548 ΚΑΙ
928 491 1069 551 ΔΩΡΙΣ.

196 628 308 686 um.
342 623 481 698 Ιαμεῖς,
505 601 533 678 ὦ
554 610 725 700 Πάμφιλε,
751 609 810 702 τὴν
835 613 999 694 Φείδωνος
1019 620 1080 684 τοῦ
1102 638 1214 695 νου-,ε

144 717 265 807 κλήρου
282 719 453 804 θυγατέρα
474 716 532 783 καλ
551 710 614 803 ἤδη
632 737 671 783 σε
690 721 907 804 γεγαμηκέναι
928 724 1046 806 φασίν·
1074 717 1108 785 ολ
1123 742 1181 787 τσ-

138 826 261 891 -σοάτυι
288 819 325 891 δὲ
340 813 446 909 ,ὀρκοι
471 815 528 897 οὓς
555 811 691 905 ὤμοσας
716 820 773 887 καλ
792 816 837 891 τὰ
858 820 986 910 δάκρυα
1008 818 1042 889 έν
1064 818 1183 911 άκαρεῖ

143 923 257 995 πάντα
275 921 415 1005 οἴχεται,
438 922 495 989 καλ
517 917 711 1009 ἐπιλέλησαι
726 926 875 1010 Μυρτίου
897 928 963 1006 νῦν,
986 926 1043 992 καί
1064 930 1179 1005 ταῦτα,

145 1016 366 1114 ὦΠάμφιλε,
396 1020 501 1092 όπότε
521 1022 589 1090 κύω
609 1029 698 1111 μῆνα
720 1019 838 1111 ὀγδουν
859 1021 934 1114 ἤδη.
979 1032 1080 1095 τοῦτο
1101 1032 1182 1114 γοῦν
1260 1062 1263 1067 »

139 1131 202 1197 καλ
221 1127 324 1214 μόνον
344 1124 478 1214 ὠνάμην
498 1120 642 1195 τούσσῦ
664 1124 800 1215 ἔρωτος,
825 1122 879 1197 δτι
898 1153 965 1212 μου
985 1128 1182 1217 τηλικαύτην

143 1236 332 1318 πεποίηκας
356 1227 415 1319 τὴν
439 1233 583 1318 γαστέρα
608 1230 665 1297 καλ
689 1227 774 1315 μετὰ
798 1227 914 1316 μικρὸν
939 1233 1182 1322 παιδοτροφεῖν

140 1333 272 1422 δεήσει,
299 1336 437 1422 πρᾶγμα
464 1330 580 1421 ἑταίρη
603 1331 804 1421 βαρύτατον·
831 1329 871 1401 ού
887 1331 959 1421 ,γάρ
983 1332 1119 1420 ἐκθήσω
1141 1332 1181 1402 τὸ

144 1436 276 1519 τεχθέν,
305 1436 361 1502 καλ
386 1435 532 1520 μάλιστα
553 1434 585 1502 εί
607 1431 704 1525 άρρεν
724 1439 866 1521 γένοιτο,
895 1432 980 1522 ἀλλὰ
1001 1436 1181 1526 Πάμφιλον

144 1536 341 1625 ὀνομάσασα
359 1534 422 1624 έγάι
440 1538 499 1622 μέν
517 1536 579 1619 ἔξω
597 1538 818 1628 παραμύθιον
834 1543 893 1606 τοῦ
912 1538 1047 1629 έρωτος,
1072 1541 1127 1607 σολ
1144 1540 1182 1607 δέ

142 1638 282 1711 ὀνειδιεῖ
297 1663 381 1707 ποτε
397 1637 600 1728 προσελθὼν
618 1639 753 1724 έκεῖνυς,
777 1639 824 1723 ὥς
846 1638 991 1723 άπιστος
1006 1647 1182 1731 γεγένησαι

143 1746 224 1833 περὶ
240 1739 299 1832 τὴν
317 1738 441 1810 άθλίαν
459 1739 561 1811 αότυῦ
577 1749 712 1834 μητέρα.
738 1757 855 1832 γαμεῖς
874 1742 904 1813 δ’
915 1742 956 1813 οό
974 1744 1076 1835 καλὴν
1093 1770 1181 1836 παρ-

143 1851 259 1916 θένον·
279 1842 366 1914 είδον
378 1842 440 1933 γάρ
455 1842 555 1934 αότὴν
568 1844 699 1935 ὀναγχυς
712 1846 745 1915 δν
758 1861 830 1929 τοῖς
840 1854 1083 1939 θεσμοφορίοις
1095 1846 1181 1935 μετὰ

143 1954 203 2038 τῆς
219 1946 357 2039 μητρὸς,
382 1945 516 2017 οὐδέπω
533 1949 642 2017 εἰδυῖα
660 1944 715 2018 ότι
737 1947 777 2018 δι’
794 1947 894 2039 αότὴν
916 1948 1025 2019 οόκέτι
1049 1947 1182 2038 ὀψαμαι

141 2052 334 2140 Πάμφιλον.
377 2054 433 2118 καί
455 2049 496 2120 σὺ
520 2048 553 2118 δ’
570 2042 627 2119 υόν
648 2053 810 2142 πρότερον
833 2052 911 2120 ἰδού
935 2049 1036 2143 αότὴν
1061 2051 1178 2121 καὶτὸ

142 2154 331 2243 πρόσωπον
352 2152 506 2233 καὶτοὺς
528 2150 729 2242 ὀφθαλμοὺς
755 2155 818 2236 ίδδ,
846 2155 891 2244 μή
920 2178 959 2223 σε
985 2151 1124 2236 άνιάτω,
1152 2155 1183 2222 εἰ

143 2258 235 2328 πάνυ
253 2254 412 2344 γλαυκοὺς
429 2255 496 2340 ὀχει
513 2254 643 2338 αότοὺς,
661 2257 746 2346 μηδὲ
764 2253 818 2327 ότι
831 2256 1034 2348 διάστροφοί
1046 2257 1112 2326 εἰσι
1125 2260 1182 2324 καί

141 2360 195 2441 είς
213 2355 372 2448 ἀλλήλους
390 2355 508 2453 δρῶσι,
533 2363 658 2445 μᾶλλον
672 2360 708 2428 δδ
723 2357 782 2429 τδν
802 2360 951 2430 Φείδωνα
968 2360 1108 2451 ἑόρακας
1124 2357 1182 2428 τὸν

141 2468 276 2553 πατέρα
297 2468 356 2551 τῆς
376 2463 520 2553 νύμφης,
547 2461 585 2532 τὸ
607 2463 792 2553 πρόσωπον
818 2460 920 2533 αότοῦ
947 2461 1067 2548 οἶσθα,
1096 2459 1182 2559 ιδστε
1299 2456 1302 2463 ’

140 2562 242 2636 -υόδέν
260 2565 310 2634 ότι
328 2565 440 2652 δεήσει
457 2564 515 2656 τὴν
533 2572 703 2657 θυγατέρα
721 2566 813 2636 ίδεῖν.
892 2583 898 2599 ’

198 2684 317 2740 ΠΑΜΦ.
354 2664 405 2750 Ἐς
421 2674 456 2739 τί
477 2694 537 2741 σου
560 2671 734 2760 ληρούσης,
763 2660 791 2736 ὦ
814 2669 972 2760 Μάρσων,
996 2665 1215 2753 άκούσομαιε

143 2762 339 2862 παρθένους
356 2774 412 2839 καὶ
434 2772 560 2859 γάμους
581 2770 812 2861 ναυκληρικοὺς
835 2773 1036 2862 διεξιούσηςς
1059 2768 1123 2859 έγώ
1147 2770 1183 2838 δδ

143 2872 169 2965 ἢ
187 2875 285 2964 σιμήν
302 2900 376 2943 τινα
393 2871 415 2964 ἢ
431 2872 531 2964 καλὴν
549 2876 678 2965 νύμφην
692 2873 785 2960 σίδας
803 2873 824 2964 ἢ
841 2872 895 2945 ότι
909 2876 1036 2945 Φείδων
1054 2871 1183 2943 &Zm-

143 2984 294 3066 πεκῆθεν
311 3017 354 3028 -
372 2975 466 3063 οἶμαι
479 2977 541 3068 γὰρ
556 2976 676 3047 ἐκεῖνον
689 2979 793 3065 λέγειν
807 3003 844 3047 σε
858 3018 900 3029 -
912 2982 1083 3066 θυγατέρα
1097 2973 1183 3056 ὅλως

142 3078 231 3164 εἶχεν
250 3079 374 3169 ὡραίαν
391 3077 454 3170 ἤδη
471 3080 596 3168 γάμους
620 3078 688 3148 ἀλλ’
705 3077 782 3149 οὐδὲ
800 3083 898 3167 φίλος
915 3079 1004 3149 ἐστὶν
1023 3070 1119 3160 οὗτος
1134 3085 1182 3167 τῷ

97 3214 112 3223 ‘
142 3190 266 3270 πατρί·
288 3189 456 3272 μέμνημαι
472 3182 535 3273 γάρ
554 3179 601 3264 ὥς
622 3183 739 3271 πρηίην
764 3181 939 3251 ἐδικάσατο
961 3185 1040 3272 περὶ
1059 3186 1184 3266 συμβο-

78 3303 84 3306 ’
143 3289 244 3355 λαίσυ
262 3293 430 3355 ναυταισῦ·
453 3286 614 3355 τάλαντον
630 3282 704 3374 γὰρ,
724 3281 833 3370 οἶμαι,
853 3281 997 3374 ὀφείλων
1014 3290 1062 3373 τῷ
1080 3286 1184 3372 πατρὶ

123 3372 136 3464 .'
146 3385 209 3459 οόκ
225 3384 346 3481 ἤθελεν
365 3389 506 3474 ἐκτίνειν,
527 3387 545 3459 δ
564 3391 601 3459 δέ
615 3385 795 3479 παρὰτοδς
807 3389 1002 3470 ναυτοδίκας
1016 3383 1184 3476 ἀπήγαγεν

146 3490 262 3576 αὐτὸν,
286 3496 341 3561 καλ
363 3494 460 3579 μόλις
483 3493 623 3578 ἐξέτισεν
646 3490 737 3577 αὐτὸ,
762 3489 834 3561 οὐδ’
851 3488 936 3576 ὀλον,
962 3487 1008 3572 ὥς
1031 3488 1049 3559 δ
1072 3487 1183 3579 πατὴρ

144 3595 301 3686 ἔφασκεν.
347 3598 378 3666 εί
404 3598 440 3666 δέ
465 3600 521 3666 καὶ
545 3609 661 3687 γαμεῖν
688 3595 839 3665 ἐδέδοκτό
866 3622 940 3682 μοι,
966 3592 1026 3684 τὴν
1052 3597 1184 3681 Δημέου

146 3705 320 3793 θυγατέρα
345 3698 404 3792 τὴν
428 3707 490 3770 τού
515 3707 655 3792 πέρυσιν
681 3698 958 3790 έστρατηγηκότσς
985 3694 1097 3787 άφείς,
1129 3696 1185 3763 καλ

146 3810 254 3872 ταῦτα
270 3803 357 3895 πρὸς
372 3806 497 3896 μητρὸς
509 3801 650 3893 ἀνεψιάν
664 3794 774 3885 οὖσαν,
793 3801 851 3891 τὴν
867 3802 1030 3880 Φείδωνος
1044 3798 1185 3887 έγάμσυν

149 3903 207 3993 δίας
239 3906 280 3978 σὺ
308 3909 344 3976 δδ
369 3909 481 3978 πόθεν
506 3913 611 3976 ταῦτα
636 3902 795 3996 ἤκουσαςς
825 3901 848 3994 ἥ
872 3930 964 3985 τινας
991 3908 1127 3994 σεαυτῇ,
1156 3903 1183 3967 ὥ

148 4010 306 4102 Μύρτιον,
325 4009 419 4095 κενάς
436 4012 635 4104 ζηλοτυπίας
653 4014 880 4097 σκιαμαχοῦσα
898 4006 1045 4167 δξηύρεςς
