2792 4580
238 196 305 265 κεν
380 194 384 197 ‘
627 206 884 266 εσυετεαοκ
941 244 945 251 ·

238 319 297 384 καὶ
315 313 466 402 ἀοίδιμοι
482 316 538 383 καὶ
554 321 613 404 τῆς
625 311 781 395 Ἑλλάδος
798 313 949 405 ἐρειεμας
966 316 1075 383 καίτοι
1092 311 1276 399 λαβόμενος

241 415 283 487 ἀν
297 416 360 506 ἐγὼ
375 415 591 507 τῶνᾌθηνιῦν
604 416 664 486 ἐπὶ
674 425 733 506 τῆς
745 423 919 506 ποιητικῆς
933 415 1084 499 ἐξουσίας
1098 413 1276 502 ἐπεισῆγεν

130 536 136 541 “
241 518 282 589 ἀν
300 521 425 609 ἐρωτας
441 527 533 590 θεῶν
549 524 606 589 καί
622 526 747 612 κρίσεις
767 523 825 588 καὶ
845 519 1051 609 κατοικήσας
1071 520 1127 585 καὶ
1145 515 1276 604 δωρεὰς
1380 522 1381 587 λ

240 627 298 692 καλ
313 623 372 713 τήν
385 620 561 693 Ἐλευσῖνα.
596 624 706 709 νόμων
724 625 834 691 δὲκαὶ
855 624 1072 712 δικαστηρίων
1092 624 1150 688 καὶ
1166 647 1277 709 πανητ

238 728 366 816 γάρειυν
383 729 439 795 καλ
455 733 622 816 Πειραιῶς
638 730 694 794 καὶ
711 724 878 795 ἀποικιῶν
892 729 947 793 καὶ
959 729 1129 811 τροπαίων
1142 727 1277 791 θαλατ»
1352 802 1356 809 ,

240 835 321 897 τίων
338 832 447 898 τεκαὶ
462 835 625 918 χερσαίων
644 827 894 921 ἐπεισηγμίνιον,
919 818 965 897 ὧν
988 824 1060 896 055³
1078 824 1118 895 ἀν
1136 825 1184 907 εἷς
1203 822 1273 907 [ἐπ’
1380 890 1381 893 ,

241 933 333 1020 ἰ’σης]
352 929 454 1014 ἀξίως
470 931 653 1020 ἐφικέσθαι
671 930 804 1000 δυ’ναιτο
822 938 869 1020 τῷ
887 932 985 1019 λόγῳ,
1005 932 1106 1020 φησὶν
1125 927 1143 998 5
1161 939 1277 1017 Δημο-
1380 938 1381 941 ’

240 1039 379 1121 σθένης,
412 1031 565 1124 ἀφθονία
589 1035 648 1120 μὲν
674 1025 712 1123 ήν
739 1031 779 1104 ἀν
803 1060 864 1121 μοι
889 1033 1026 1122 περιττή
1052 1032 1201 1113 πάντων,
1232 1029 1275 1100 τὸ

242 1133 274 1203 δ’
291 1135 450 1224 ἐγκώμιον
465 1134 532 1221 ,σάκ
553 1135 592 1205 ἀν
615 1134 767 1227 ἀπαρτᾶν
788 1136 995 1224 ἐνομιζόμην,
1024 1135 1057 1205 ἐν
1082 1135 1175 1223 νόμῳ
1201 1147 1276 1216 τοῖς
1380 1196 1381 1231 3

125 1261 130 1268 ·
238 1237 392 1319 ἐπαίνοις
414 1237 451 1309 ἀν
474 1232 509 1308 ἐκ
530 1247 595 1309 τῶν
616 1241 786 1330 πατρίδων
805 1238 996 1325 ἐπικοσμεῖν
1015 1237 1094 1319 τοὺς
1117 1230 1276 1307 &namv-

168 1393 169 1396 ,
239 1346 367 1426 μένους.
399 1339 583 1431 Ἰσοκράτης
606 1343 642 1410 δὲ
659 1343 925 1433 παρεμπόρευμα
945 1348 1004 1431 τής
1017 1339 1143 1428 Ἑλένης
1161 1346 1275 1430 φέρων

239 1443 376 1533 ἐνέθηκε
401 1444 458 1514 τὸν
482 1451 598 1534 θησέα.
641 1445 681 1514 τὸ
706 1447 766 1531 μὲν
793 1445 832 1535 δή
855 1442 1028 1534 ποιητικὸν
1050 1447 1154 1533 φῦλον
1182 1442 1275 1511 ἐλιά-
1380 1524 1381 1529 ¹

170 1596 175 1603 -
239 1552 356 1635 θερυν,
381 1550 435 1615 σοὶ
458 1546 489 1614 δ’
505 1549 588 1628 ἰ’σως
606 1545 766 1634 εὐλάβεια
787 1548 827 1616 τὸ
849 1556 907 1637 τῆς
924 1553 1108 1638 παροιμίας
1131 1553 1276 1632 σκῶμμα
1380 1618 1381 1623 1

240 1646 299 1715 ἐπὶ
319 1656 360 1738 τῇ
382 1647 590 1739 ἀσυμμετρία
612 1649 856 1738 ἐπαγαγέσθαι,
884 1652 947 1739 μή
953 1677 1008 1720 σοι
1028 1652 1139 1737 μεῖζον
1164 1672 1276 1739 προσ·
1379 1694 1381 1709 ‹

192 1771 222 1820 11
235 1755 351 1818 κέοιτο
369 1748 605 1840 τούπίγραμμα
623 1778 681 1820 του
667 1755 859 1823 θυλάκου.
887 1760 1026 1845 παρέντι
1044 1751 1137 1843 δή
1101 1750 1275 1841 ταςΑθή-

240 1878 299 1932 νας
317 1851 530 1937 ἐκδέχεται
497 1881 555 1922 τον
572 1855 669 1943 λόγον
686 1856 818 1965 πατήρ
818 1858 1025 1947 τριήραρχος,
1049 1862 1173 1946 χρυσέα
1195 1881 1275 1945 κρη
1380 1854 1381 1919 3

239 1956 301 2033 πὶς
325 1955 410 2024 κατὰ
434 1958 612 2047 Πίνδαρον
644 1956 682 2027 05
709 1958 771 2051 γὰρ
797 1963 837 2049 ήν
860 1960 1017 2049 Αθήνησι
1041 1957 1275 2045 λαμπρότερον

239 2059 366 2145 ιῐμημα
391 2065 451 2127 τοῦ
478 2069 719 2181 τριηραρχικυῦ.
765 2064 795 2130 εί
818 2065 854 2132 δέ
874 2069 933 2131 τοῦ
955 2067 1194 2157 Δημοσθένους
1221 2060 1274 2130 ἐτι

154 2208 156 2216 =
238 2162 359 2251 κομιδῇ
376 2160 539 2244 παιδὸς”
518 2190 614 2245 ουτος
630 2164 852 2249 ἐτελεύτα,
818 2194 876 2255 την
894 2164 1055 2255 ὀρφανίαν
1075 2162 1115 2234 05
1139 2189 1274 2254 etvmo-

238 2259 299 2352 ρδιν
325 2260 548 2354 ὗποληπιέον,
577 2264 661 2335 ἀλλὰ
684 2270 781 2358 δόξης
808 2265 975 2339 ἀπόθεσιν
995 2266 1034 2336 τὸ
1056 2274 1115 2356 τής
1137 2269 1273 2357 φάσεως

190 2385 221 2434 12
238 2379 384 2452 γενναῖον
411 2365 725 2441 άπακαλάπτυυσαν
765 2368 898 2462 Ὁμήρου
919 2362 1041 2456 μέν
1001 2398 1060 2440 ουν
1078 2367 1162 2439 οὕτε
1188 2376 1273 2439 παί-

241 2467 410 2537 δευσιν”
370 2468 436 2538 ουτ’
453 2467 589 2560 ἀοκησιν
608 2474 719 2602 μνήμη
740 2472 818 2542 καθ
835 2473 982 2562 ἱστορίαν
1002 2474 1271 2599 παρειλήφαμεν,

183 2567 308 2638 ἀλλ’
324 2569 465 2654 ιάθδς
446 2575 566 2665 ἀνάγκη
583 2575 640 2644 τὸν
660 2577 795 2646 ἐ’παιυυν
813 2572 986 2645 ἅπτεσθαι
1007 2582 1073 2645 τῶν
1090 2573 1147 2657 ἀπ’
1165 2573 1270 2643 αὐτοῦ

168 2674 171 2680 “
240 2675 570 2767 δεδημιουργημένων,
590 2675 669 2768 άλην
687 2679 722 2746 ἐκ
736 2686 864 2804 τροφῆς
880 2706 935 2746 και
924 2681 1084 2768 μελέτης
1100 2681 1156 2746 καὶ
1175 2680 1271 2746 διδα-

239 2781 375 2859 σκαλίας
402 2776 459 2847 οὐκ
486 2780 613 2864 έχοντα,
640 2779 718 2870 μηδ
735 2807 858 2850 ουν
813 2781 871 2850 ἐ
858 2779 948 2870 ίτήν
965 2779 1117 2850 Ἡσιόδου
1141 2781 1270 2869 δάφνην

237 2881 469 2969 καταφυγόντα
490 2881 548 2972 τήν
571 2885 732 2971 ῥαθύμως
751 2886 808 2959 καὶ
828 2896 900 2964 τοῖς
925 2889 1065 2971 ποιμέσι
1089 2889 1155 2951 τῶν
1177 2882 1270 2951 ἐπάν

240 2981 471 3053 ἐπιπνέουσαν.
508 2983 617 3053 σολδ’
638 2984 785 3053 ἐνταῦθα
808 2986 916 3075 δήπου
938 2984 1044 3067 πολὺς
1064 2983 1160 3072 μέν
1142 3013 1161 3054 ο
1179 2989 1273 3054 Καλ-·

238 3086 420 3174 λίστρατσς,
440 3085 593 3178 λαμπρὸς
612 3085 673 3177 5²5
691 3089 884 3176 κατάλογος,
900 3087 1107 3175 Ἀλκιδάμας,
1124 3086 1270 3179 Ἰσοκρά-

236 3212 308 3276 της,
329 3184 461 3273 Ἷσαῖος,
483 3186 668 3275 Εὔβουλος,
688 3187 886 3280 Ὑπερείδης,
911 3197 1037 3280 μυρίων
1054 3192 1113 3278 μέν
1132 3191 1268 3280 ἐφιλκο·

236 3295 343 3374 μένων
355 3288 512 3382 ,Ἀθήνησι
528 3300 594 3362 τῶν
611 3290 737 3382 ἡδονῶν
754 3294 903 3374 καὶτοὺς
924 3302 1150 3385 πατρονομίας
1168 3290 1269 3381 ἀνάγ-

236 3418 311 3475 καις
327 3391 575 3481 ὖποκειμένους,
598 3404 730 3481 ταχείας
749 3395 780 3464 δ’
798 3395 898 3486 οάσης
914 3410 986 3477 τοῖς
1006 3403 1191 3486 μειρακίοις
1208 3401 1268 3483 τῆς

236 3492 365 3584 ἡλικίας
390 3497 424 3578 ἐς
447 3495 508 3579 τὰς
534 3496 961 3588 θρύψειςιάπολισθάνειν,
989 3497 1100 3589 παρὸν
1126 3496 1158 3567 δ’
1175 3497 1266 3586 αὐτῷ

218 3596 304 3668 κατ’
320 3599 470 3683 ἐξουσίαν
486 3606 590 3687 κομᾶν
609 3600 644 3670 ἐκ
659 3608 718 3691 τῆς
734 3610 800 3671 τῶν
818 3602 1010 3694 ἐπιτρόπων
1033 3599 1222 3691 ὀλιγωρίας,
1246 3595 1265 3668 5

235 3711 293 3793 τῆς
310 3707 515 3795 φιλοσοφίας
530 3709 586 3775 καὶ
602 3713 661 3795 τῆς
678 3710 849 3795 πολιτικῆς
866 3704 984 3795 ἀρετῆς
1000 3718 1127 3793 κατεῖχε
1140 3705 1263 3784 πόθος,

237 3806 274 3887 ὃς
292 3804 391 3878 αὐτὸν
407 3801 483 3900 ήγεν
501 3806 559 3879 υέκ
576 3810 635 3879 ἐπί
650 3809 711 3890 τὰς
730 3810 868 3900 Φρύνης,
889 3806 956 3877 ἀλλ’
973 3808 1031 3878 ἐπὶ
1046 3807 1108 3889 τὰς
1122 3805 1265 3897 ἵδρωσα

236 3913 351 3991 τέλους
370 3916 426 3981 καὶ
449 3915 661 4004 θεοφράστου
688 3916 744 3981 καὶ
764 3914 986 4004 Ξενοκράτους
1011 3915 1066 3980 καλ
1087 3910 1265 3987 Πλάτωνος

186 4033 219 4084 ιε
236 4012 554 4101 θάρας.’κάνταῦθα,
570 4009 598 4087 5
606 4020 764 4103 βέλτιστε,
778 4019 978 4109 φιλοσοφεῖς
989 4021 1038 4105 τῷ
1051 4014 1138 4104 λόγῳ
1153 4005 1263 4089 διττὰς
