2748 4572
428 244 507 299 mu
533 212 686 299 1'11111Ax
707 244 794 301 4-8.
1084 233 1132 317 ‘35
1226 300 1229 305 ⁴

88 353 127 424 ὄλ
150 348 200 431 ὦς
220 346 309 439 πρὸς
329 345 391 437 τήν
408 354 478 416 τῶν
499 345 800 437 εὐδαιμονεστέρων
822 346 1001 440 ἀποδοχήν.
1045 350 1132 437 μετὰ

89 456 128 524 δλ
149 459 269 522 τοῦτον
291 448 496 541 δεοτέρωθεν
521 451 669 541 διαρκεῖς
686 464 759 533 ταίς
781 448 1028 540 ἀποδυομένοις
1042 450 1132 522 ἀπο-

88 562 221 636 θέσεις,
250 556 309 621 καλ
327 559 430 640 μίσος
451 548 541 634 οἶκος
561 549 644 641 ῦβιι
664 580 701 622 τε
723 551 935 643 όψηλάτατας
959 559 1016 623 κοιλ
1042 559 1133 646 φωτλ

91 658 334 751 φαιδρότατος,
362 662 494 744 ψυχροῦ
519 651 640 737 ὕδατος
665 656 747 740 ἔχων
768 669 858 747 τρεῖς
883 659 1131 749 κολυμβήθρας,

4 822 8 827 .
70 767 242 851 ,Λακαίνῃ
260 763 352 848 λίθῳ
368 764 620 848 κεκοσμημένος,
644 763 701 828 καί
723 759 846 841 εἰκόνες
864 759 899 829 έν
915 757 1006 849 αῦιηῑ
1029 762 1130 828 λίθου

90 870 210 934 λευκοῦ
226 869 287 952 τῆς
302 858 441 949 ἀρχαίας
459 860 623 952 ἐργασίας,
642 859 663 954 ή
681 864 740 949 μέν
750 860 894 951 ίὶγιείας,
913 861 936 952 ή
953 861 1132 950 δέίίσκλη-

91 973 185 1036 πιοῦ.
211 965 411 1045 διελθόντας
423 966 458 1033 δλ
471 962 669 1050 ἀποδέχεται
680 963 790 1055 ήρίμα
798 967 1025 1052 χλιαινόμενος
1039 963 1129 1046 οἶκος
1148 990 1164 1039 ο

93 1065 153 1139 οῦκ
166 1064 291 1157 ἀπηνεῖ
302 1074 342 1158 τῇ
355 1073 465 1159 θέρμη
479 1076 714 1158 προαπαντῶν,
730 1068 902 1158 ἐπιμήκης,
921 1067 1131 1159 ἀμφιστρόγ-

92 1176 204 1261 γυλος,
224 1168 302 1256 μεθ’
320 1170 359 1239 ὃν
378 1170 411 1267 έν
429 1171 523 1262 διξιᾷ
540 1168 630 1253 οίκος
647 1162 684 1239 εὖ
701 1172 792 1256 μάλα
811 1171 967 1263 φαιδρὸς,
987 1169 1132 1258 ἀλείφα-
1200 1220 1205 1229 .

94 1281 179 1344 σθαι
197 1279 374 1361 προσηνῶς
391 1275 623 1364 παρεχόμενος,
648 1272 852 1364 ἑκατέρωθεν
876 1275 1027 1354 εἰσόδους
1050 1273 1132 1357 ἔχων

95 1382 222 1467 Φρυγίη
248 1378 339 1463 λίθιρ
363 1378 684 1462 κεκαλλωπισμένας,
717 1373 794 1456 τοὺς
822 1368 894 1443 ἀπό
920 1378 1130 1465 παλαίστρας

93 1481 259 1559 εἰσιόντας
281 1478 463 1563 δεχόμενος.
500 1476 556 1547 εἶτ’
573 1479 631 1547 έπλ
646 1479 754 1569 τούτῳ
779 1475 878 1559 ἀλλος
902 1475 1006 1560 σίκυς,
1031 1478 1130 1547 οίιιων

94 1580 252 1664 ἀπάντων
273 1582 460 1663 κάλλιστος,
487 1587 603 1671 ατήναί
622 1607 659 1649 τι
680 1585 736 1649 καὶ
758 1580 1000 1669 ἐγκαθίζεσθαι
1022 1605 1130 1668 προσ-

93 1689 271 1773 ηνέστατος
297 1686 353 1750 καί
380 1681 581 1773 ἐμβραδῦναι
607 1680 854 1770 ἀβλαβέστατος
878 1688 935 1751 καὶ
961 1684 1131 1773 ἐγκυλίσα-
1168 1682 1172 1688 ’

4 1798 5 1811 *
93 1794 181 1855 σθαι
195 1783 463 1875 ὠφελιμώτατος,
487 1792 628 1875 Φρυγίου
640 1791 695 1855 καί
712 1785 811 1868 αὐτὸς
825 1788 873 1867 είς
888 1784 1015 1877 ὀροφήν
1029 1783 1131 1876 ἀκρον

94 1887 317 1974 ἀποστίλβων.
364 1887 436 1975 ἕξής
463 1889 499 1955 δέ
526 1884 544 1954 δ
567 1887 695 1977 θερμὸς
717 1887 917 1973 ὑποδέχεται
939 1889 1129 1979 διάδρομος,

94 1992 230 2077 Νομάδι
248 1993 337 2078 λίθῳ
362 1991 659 2078 διακεκολλημένος.
697 1988 715 2058 ὅ
739 1993 776 2060 δέ
798 1992 889 2060 ένδον
909 1989 998 2073 οίκος
1020 1992 1132 2059 κάλλι-

96 2118 184 2174 στος,
205 2093 318 2182 φωτός
335 2116 371 2160 τε
388 2095 514 2160 πολλοῦ
533 2089 718 2178 ἀνάμεστος
730 2097 786 2161 καί
804 2091 850 2174 ὡς
863 2096 1023 2183 πορφύρᾳ
1042 2095 1132 2183 διην-

94 2201 268 2279 θισμένος.
307 2208 395 2285 τρεῖς
417 2198 473 2263 καί
496 2185 594 2274 οὗτος
614 2193 746 2283 θερμὰς
771 2197 914 2276 πυέλους
941 2200 1165 2281 παρέχεταιτ

5 2342 7 2355 ·
95 2301 291 2385 λουσαμένῳ
313 2299 348 2366 δὲ
371 2296 478 2367 ἔνεστί
500 2322 556 2366 σοι
576 2296 621 2387 μή
647 2297 704 2388 τήν
731 2295 788 2365 διδι
810 2303 876 2366 τῶν
902 2293 1011 2365 αάτῶν
1034 2298 1132 2366 οίκων

96 2389 204 2478 αὖθις
225 2397 406 2500 έπανιίναι,
434 2398 518 2468 ἀλλὰ
539 2413 671 2486 ταχεῖαν
697 2400 756 2491 τήν
783 2400 841 2470 έπλ
867 2397 906 2470 τὸ
934 2399 1062 2490 ψυχρόν
1088 2398 1130 2468 δι’

97 2500 204 2592 ήρέμα
220 2508 349 2593 θερμοῦ
368 2504 553 2593 σίκήματος,
572 2508 628 2572 καί
645 2511 751 2572 ταῦτα
764 2504 876 2589 πάντα
887 2500 955 2573 ἀπὸ
971 2506 1059 2594 φωτί
1074 2529 1134 2589 μι-

96 2607 187 2697 γάλφ
205 2608 261 2673 καὶ
278 2608 386 2695 πολλῇ
402 2612 443 2695 τῇ
462 2605 553 2675 ένδον
570 2602 686 2697 ήμέρρ.
715 2603 787 2696 άψη
805 2605 892 2696 πρὸς
904 2608 1036 2687 τούτοις
1051 2603 1133 2674 ἀνά-

97 2711 179 2796 λογα
187 2711 242 2775 καί
255 2708 366 2797 πλάτη
378 2721 450 2789 τοῖς
462 2710 580 2796 μήκεσι
592 2710 763 2799 σύμμετρα
775 2713 831 2776 καί
844 2716 1013 2793 πανταχοῦ
1025 2706 1133 2797 πολλή

95 2811 192 2901 χάρις
214 2814 272 2878 καλ
286 2808 460 2900 Ἀφροδίτη
484 2809 641 2881 ἐπανθεῖ·
664 2812 749 2882 κατὰ
769 2811 832 2902 γὰρ
855 2811 912 2882 τὸν
933 2810 1032 2880 καλὸν
1055 2816 1135 2879 mv-

98 2915 208 3000 δαρσν,
225 2910 429 3000 ((ἀρχομένου
448 2912 543 3002 έργου
558 2915 742 3004 πρόσωπον
753 2914 815 3005 χρή
829 2921 935 3001 θέμεν
945 2909 1130 3003 τηλαυγές.”

96 3023 198 3085 τοῦτο
221 3012 253 3083 δ’
270 3013 310 3083 ἀν
332 3017 383 3105 ε’ίη
406 3015 441 3083 έκ
462 3022 521 3105 τής
543 3014 643 3107 αῦγής
664 3019 887 3104 μάλιστακαὶ
909 3025 970 3086 τοῦ
993 3023 1135 3106 φέγγους

97 3123 243 3187 καὶτῶν
264 3126 476 3208 φωταγωγῶν
501 3125 774 3210 μεμηχανημένον.
820 3117 839 3190 δ
866 3118 928 3208 γάρ
945 3119 1062 3208 ’σοφὸς
1089 3115 1135 3197 ὥς

99 3219 240 3310 ἀληθοῦς
261 3218 394 3302 Ἱππίας
419 3221 476 3292 τὸν
502 3225 562 3308 μέν
587 3223 795 3317 ψυχροδόχον
829 3220 919 3291 οίκον
949 3221 982 3301 ές
1011 3227 1135 3308 βορρᾶν

8 3328 10 3407 λ
99 3325 376 3413 προκεχωρηκότα
399 3326 563 3414 ἐποίησεν,
588 3323 646 3394 οῦκ
667 3323 806 3417 ἄμοιρον
829 3322 907 3394 οάδλ
927 3331 987 3391 τοῦ
1009 3348 1134 3412 μισημ-
1215 3390 1222 3403 ,

90 3433 214 3518 βριυσῦ
238 3424 348 3515 ἀέρος,
374 3426 457 3509 τοὺς
477 3431 514 3496 δέ
540 3432 665 3497 πολλοῦ
691 3436 750 3497 τοῦ
776 3429 933 3510 θάλπους
961 3429 1136 3514 δεομένους

98 3530 185 3617 νότῳ
204 3533 261 3597 καί
279 3526 363 3620 εῦρῳ
381 3535 438 3600 καλ
455 3532 584 3622 ζεφύρῳ
604 3528 764 3621 ὑπέθηκε.

155 3639 196 3701 Τί
212 3630 254 3700 ἀν
271 3658 328 3702 σοι
348 3632 389 3703 τὸ
411 3633 470 3702 έπλ
486 3638 594 3722 τούτῳ
617 3638 746 3722 λέγοιμι
768 3639 977 3724 παλαίστρας
998 3635 1054 3700 καλ
1075 3630 1137 3710 τὰς
1154 3652 1170 3698 8

98 3735 213 3816 κοινὰς
234 3742 302 3804 τῶν
320 3737 666 3827 ἱματιοφυλακούντων
683 3738 900 3819 κατασκευὰς,
924 3749 1056 3818 ταχεῖαν
1078 3730 1136 3822 τήν

100 3837 161 3908 έπλ
175 3838 216 3908 τὸ
236 3838 373 3927 λουτρὸν
389 3843 445 3908 καί
462 3838 507 3930 μή
527 3837 584 3909 διὰ
600 3847 727 3929 μακροῦ
744 3838 802 3929 τήν
821 3837 899 3908 ὁδὸν
922 3838 1060 3922 ἐχούσας
1076 3842 1137 3904 τοῦ

99 3949 264 4033 χρησίμου
282 3947 392 4012 τεκαὶ
409 3941 576 4031 ἀβλαβοῦς
594 3943 701 4027 ένεκας
718 3946 774 4010 καλ
791 3942 837 4031 μή
855 3968 897 4028 με
914 3939 1069 4030 ἀπολάβη
1086 3966 1138 4020 τις

98 4046 220 4138 μικρὸν
237 4046 330 4137 ἔργον
348 4054 557 4138 προθέμενον
570 4058 703 4132 κοσμεῖν
715 4051 765 4134 τήν
777 4046 865 4134 λόγῳ
883 4050 1137 4188 πρήαιρείσθαι.
