2748 4572
326 219 407 287 mx
432 220 533 279 Πσεῐ
555 220 778 279 Διιεοεαε
799 221 886 278 ε-ε
1080 211 1124 281 63

85 329 395 414 παρακεκινημένον,
415 321 486 394 οἷον
504 322 545 413 δή
562 323 620 413 τήν
636 326 769 397 Αάτταν
785 328 841 394 καλ
857 322 916 414 τῆν
929 322 1036 419 Ὀργῆν
1053 329 1123 399 δει·

70 429 239 529 κύουσα,
257 433 298 515 τῆ
311 428 371 510 μέν
385 424 543 518 ἀριστερᾷ
557 429 643 517 δᾷδα
656 434 817 521 καομένην
830 428 958 513 ἔχουσα,
973 437 1019 520 τῆ
1027 430 1124 521 ἐτέρμ

16 534 25 621 y'
84 531 266 602 δένεανίαν
279 528 436 599 τινὰτῶν
452 537 572 620 τριχῶν
590 531 746 621 σόρουσα,
765 531 827 612 τὰς
835 546 948 619 χεῖρας
966 529 1124 623 ὀρέγοντα

15 656 38 727 y*
84 633 118 714 ἐς
138 631 201 703 τὸν
225 629 365 724 υῦρανδι
385 636 442 701 καί
462 634 709 723 μαρτυρόμενον
730 633 809 716 τοὺς
834 636 950 716 θεοός.
993 632 1123 724 ἡγεῖται

15 736 16 801 3
87 738 123 807 δέ
144 733 231 824 άνῆρ
257 733 364 824 ῶχρδς
388 739 445 805 καλ
471 733 624 827 άμορφος
650 733 710 820 δξὺ
736 736 899 829 δεδορκὼς
923 739 981 807 καλ
1007 737 1123 819 ἐοικὼς

84 853 155 920 τοῖς
175 838 211 906 ἐκ
227 839 328 913 νόσου
345 845 473 929 μακράς
490 842 734 930 κατεσκληκόσι.
760 847 878 910 τοῦτον
891 832 950 911 οῦν
967 839 1052 909 εέναι
1064 839 1122 911 τὸν

15 954 17 1019 ξ
88 943 222 1018 Φθόνον
245 938 286 1009 άν
306 968 359 1023 τις
380 941 534 1011 εἰκάσειε.
579 946 635 1012 καὶ
661 942 726 1034 μὴν
750 946 807 1012 καὶ
830 942 930 1013 άλλαι
950 945 1036 1025 τινές
1062 945 1122 1012 δύο

14 1090 15 1097 1
86 1050 343 1136 παρομαρτοῦσι
376 1051 628 1135 προτρέπουσαι
667 1051 724 1115 καὶ
758 1050 1033 1137 περιστέλλουσαι
1066 1052 1123 1115 καί

86 1154 356 1233 κατακοσμοῦσαι
381 1146 440 1236 τῆν
465 1150 642 1237 Διαβολήν.
687 1146 735 1229 ῶς
760 1151 798 1218 δέ
826 1176 888 1235 μοι
915 1153 973 1219 καί
997 1151 1124 1230 ταύτας
1166 1174 1172 1187 ·

87 1252 244 1340 ἐμήνυσεν
262 1248 280 1319 δ
298 1251 498 1340 περιηγητής
514 1259 575 1340 τῆς
591 1251 729 1332 εἰκόνος,
752 1248 773 1339 ῆ
796 1257 856 1336 μέν
876 1279 929 1333 τις
941 1250 1121 1342 Ἐπιβουλὴ

85 1347 132 1443 ἦν’,
155 1352 177 1443 ἡ
197 1356 234 1422 δέ
247 1351 383 1442 Ἀπάτη.
419 1355 561 1422 κατόπιν
579 1356 616 1422 δέ
636 1352 817 1443 ἠκολούθει
837 1355 927 1423 πάνυ
949 1362 1123 1436 πενθικῶς

13 1546 14 1549 ¹
85 1484 136 1538 τις
161 1456 394 1544 ἐσκευασμένη,
418 1459 621 1542 μελανείμων
642 1459 701 1525 καλ
720 1463 1028 1547 κατεσπαραγμένη·
1055 1469 1132 1525 Με-“

85 1561 219 1641 τάνσια,
244 1556 353 1644 οἶμαι,
378 1555 458 1648 αῦτη
477 1559 619 1647 ἐλέγετο·
646 1560 868 1651 ἐπεστρέφετο
890 1567 968 1649 γοῦν
990 1559 1024 1641 ἐς
1044 1556 1123 1628 τοῦ-

86 1670 179 1731 πίσω
207 1663 398 1748 δακρύουσα
426 1650 483 1730 καλ
511 1660 585 1748 μετ’
605 1662 721 1743 αἰδοῦς
751 1665 838 1732 πάνυ
869 1662 928 1751 τήν
949 1660 1123 1752 Ἀλήθειαν

86 1771 294 1851 προσιοῦσαν
310 1762 508 1850 ῦπέβλεπεν.

140 1864 235 1936 Οὕτω
262 1868 321 1951 μὲν
343 1859 399 1935 σῦν
412 1865 567 1954 Ἀπελλῆς
592 1865 650 1936 τδν
673 1867 791 1937 ἐαυτοῦ
818 1869 964 1936 κίνδυνον
987 1866 1045 1937 ἐπὶ
1064 1873 1123 1956 τῆς

89 1977 221 2060 γραφῆς
234 1969 429 2057 ἐμιμήσατο.
457 1976 538 2060 φέρε
557 1971 660 2039 δὲκαὶ
672 1967 777 2059 ῆμεῖς,
798 1972 831 2039 ελ·
846 1973 944 2053 δοκεῖ,
963 1969 1047 2038 κατὰ
1063 1968 1122 2057 τὴν
1140 1992 1155 2039 6

86 2080 146 2143 τοῦ
164 2070 319 2161 Ἐφεσίου
343 2073 517 2162 ζωγράφου
540 2078 652 2161 τέχνην
674 2075 860 2158 διέλθωμεν
884 2070 928 2141 τὰ
951 2073 1123 2160 προσόντα
1218 2081 1223 2093 “

86 2182 126 2264 τῇ
146 2176 298 2263 διαβολῇ,
317 2175 480 2263 πρότερόν
497 2201 533 2262 γε
552 2171 620 2263 ὅρῳ
638 2179 703 2243 τινὶ
719 2176 986 2264 περιγράψαντες
1004 2171 1121 2259 αῦτήν·

11 2314 12 2317 “
88 2274 180 2345 οὕτω
198 2276 258 2362 γὰρ
276 2274 317 2345 δν
333 2274 411 2365 ῆμῖν
428 2275 448 2366 ἡ
464 2275 559 2345 εἰκῶν
572 2282 935 2367 γένοιτσηφανερωτέρα.
964 2275 1034 2343 ἐστι
1051 2279 1123 2344 τοί-

87 2397 146 2448 νυν
159 2379 296 2467 διαβολή
309 2386 487 2467 κατηγορία
498 2407 550 2460 τις
564 2379 602 2463 ἐξ
613 2379 748 2469 ἐρημίας
760 2368 940 2468 γιγνομένη,
954 2376 1012 2446 τὸν
1024 2402 1124 2465 κατη-

88 2482 286 2570 γορούμενον
312 2485 487 2570 λεληθυῖα,
516 2482 551 2550 ἐκ
576 2490 635 2552 τοῦ
661 2489 864 2572 μονομεροῦς
890 2479 1124 2560 ἀναντιλέκτως

89 2589 345 2671 πεπιστευμένη.
373 2585 509 2674 τοιαύτη
523 2583 615 2674 μένή
631 2583 799 2665 ὑπόθεσις
811 2592 871 2653 τοῦ
884 2585 999 2672 λόγου·
1022 2588 1123 2672 τριῶν

89 2685 121 2755 δ’
136 2684 241 2756 όντων
263 2688 471 2775 προσώπων,
498 2688 656 2775 καθάπερ
680 2687 713 2756 ἐν
734 2700 810 2767 ταῖς
831 2688 1036 2774 κωμῳδίαις,
1063 2689 1123 2752 τοῦ
1148 2738 1157 2749 ,

89 2790 327 2873 διαβάλλοντος
344 2793 399 2856 καὶ
421 2796 479 2857 τοῦ
503 2791 761 2875 διαβαλλομένου
782 2793 839 2857 καλ
859 2796 919 2856 τοῦ
937 2786 1024 2876 πρὸς
1047 2781 1123 2872 δνῆ

11 2894 12 2913 ³
88 2882 227 2979 διαβολὴ
241 2898 394 2979 γίγνεται,
413 2889 490 2961 καθ’
503 2892 638 2960 ἕκαστον
651 2890 759 2961 αῦτῶν
773 2891 1051 2980 ἐπισκοπήσωμεν
1066 2886 1122 2956 οἶα

88 2994 175 3074 εέκὸς
193 2992 280 3062 εἶναι
292 2994 335 3062 τὰ
347 2994 530 3083 γιγνόμενα.
558 3002 690 3081 πρῶτον
703 2997 762 3081 μέν
780 2994 830 3083 δὴ,
851 2996 881 3062 εί
895 2997 993 3075 δοκεῖ,
1012 3017 1123 3081 παρα·
1142 3015 1156 3061 7
1233 3011 1237 3017 ’

86 3099 240 3186 γάγωμεν
257 3096 315 3165 τὸν
332 3094 610 3184 πρωταγωνιστήν
626 3104 686 3164 τοῦ
706 3097 886 3186 δράματος,
911 3099 994 3185 λέγω
1014 3099 1050 3163 δέ
1067 3094 1126 3163 τὸν

11 3186 13 3255 ί
86 3200 232 3290 ποιητήν
249 3207 307 3279 τῆς
329 3201 495 3287 διαβολῆς.
532 3189 628 3277 οὗτος
651 3199 687 3267 δὲ
709 3196 749 3286 δή
773 3196 819 3278 ῶς
835 3201 894 3283 μέν
918 3197 976 3267 οῦκ
994 3195 1124 3284 άγαθδς

89 3303 276 3394 ἅνθρωπός
290 3304 369 3386 ἐστι,
383 3294 499 3383 πᾶσιν,
515 3300 618 3388 οἶμαι,
633 3302 811 3391 γνῶριμυν·
831 3301 940 3382 οὐδεὶς
952 3299 1014 3390 γάρ
1025 3298 1064 3369 ἂν
1078 3296 1125 3367 ῶν

89 3405 223 3496 άγοιθδς
239 3414 346 3476 κακῶν
365 3408 472 3486 αἴτιος
484 3413 611 3494 γένοιτο
624 3414 672 3496 τῶ
686 3410 836 3494 πλησίον,
856 3403 924 3473 ἀλλ’
937 3405 1025 3474 ἐστιν
1044 3401 1125 3492 άγαὲ

87 3517 163 3578 θῶν
183 3508 311 3597 άνδρῶν
330 3501 449 3600 άφ’“ὦν
467 3502 502 3576 εῦ
519 3517 676 3579 ποιοῦσιν
695 3506 791 3577 αῦτολ
810 3507 888 3589 τοὺς
911 3511 1041 3598 φίλους,
1067 3503 1125 3575 οῦκ

88 3609 147 3700 εἶφ’
164 3604 212 3681 ὧν
229 3613 306 3693 τοῦς
329 3610 449 3693 ἄλλους
472 3610 659 3692 ἀδικοῦντες
681 3613 854 3681 αἰτιῶνται
870 3615 927 3679 καὶ
947 3615 1125 3696 μισεῖσθαι

11 3708 13 3731 ⁴
87 3716 410 3805 παρασκευάζουσιν,
440 3713 623 3800 εὐδοκιμεῖν
646 3716 744 3797 δόξαν
767 3713 895 3794 εῦνοίας
916 3709 1125 3799 προσλαβόν·

89 3842 159 3896 τας.
189 3816 307 3885 ἔπειτα
325 3820 362 3887 δὲ
380 3816 426 3898 ῶς
443 3815 557 3897 άδικος
575 3815 592 3886 ό
611 3817 762 3897 τοιοῦτος
779 3820 834 3884 καὶ
847 3811 1041 3903 παράνομός
1055 3809 1125 3879 ἐστι
1142 3831 1158 3880 8

89 3921 145 3985 καὶ
175 3916 298 4008 ἀσεβής
319 3924 374 3989 καὶ
396 3935 469 4002 τοῖς
486 3927 668 4008 χρωμένοις
690 3916 863 4009 ἐπιζήμιος
889 3918 1003 4008 ῥᾴδιον
1024 3938 1126 3981 κατα·

88 4027 237 4107 μαθεῖν..
262 4029 314 4102 τίς
330 4022 393 4113 γάρ
412 4020 469 4105 οῦκ
488 4023 528 4093 ἂν
547 4020 762 4111 ὁμολογήσειε
779 4020 837 4111 τήν
853 4022 913 4106 μὲν
936 4019 1074 4106 ἰσότητα
1091 4014 1125 4084 ἐν
