2730 4584
336 232 497 292 Lxxvm.
513 230 543 273 ε
563 224 825 292 ΧΑΡΙΔΗΜΟΣ
848 238 950 293 ι-τι,
1076 222 1160 296 ‚²695

121 348 233 428 ίχεται
249 344 298 426 τῷ
316 334 437 406 κάλλει.
473 338 529 406 καὶ
547 337 607 423 οάχ
625 339 642 408 ὃ
660 341 719 424 μὲν
737 340 819 421 Ζεὺς
841 338 927 410 ούτω
945 368 1046 427 μονος
1069 343 1157 412 ἑάλω
1176 361 1193 409 ο

121 470 183 517 του
166 443 349 522 κάλλους,
369 447 435 514 τῶν
454 440 484 509 6'
495 438 604 510 ἀλλων
623 440 731 522 οὐδεὶς
748 444 886 527 θεῶν(
871 472 923 513 ινα
936 444 1092 529 μᾶλλον”
1074 471 1157 528 εχειν

124 549 203 637 δοκῇ
220 551 326 614 ταῦτα
343 551 539 633 κατηγορίαν
553 542 643 628 Διὸς,
663 543 723 629 οὐχ
740 544 825 636 ὑπὲρ
843 574 902 615 του
888 549 1056 629 κάλλους
1070 549 1207 674 είρῆ-

125 658 226 720 σθαι
253 643 373 714 ἀλλ”
339 673 370 715 ει
386 674 438 728 τις
461 645 605 737 ἀκριβῶς
623 648 777 736 ἐθελήσει
799 664 943 733 σκοπεῖν,
967 652 1095 731 πάντας
1118 649 1158 720 ἀν

124 748 217 839 εύροι
229 747 334 830 θεοὺς
346 747 453 817 ταύτὰ
466 752 684 845 πεπονθότας
698 756 763 834 Διὶ,
784 752 899 820 οίον
867 779 924 821 τον
936 755 994 838 μὲν
1004 755 1158 821 Ποσειδῶ

122 860 182 924 τοῦ
204 856 359 932 Πέλοπος
380 840 565 940 ἡττημένον,
590 851 760 922 Ὑακίνθου
783 853 898 923 δὲτὸν
917 853 1078 938 Απόλλω,
1102 855 1160 924 τὸν

119 954 237 1045 Ἑρμῆν
256 956 292 1023 66
308 981 367 1023 του
353 956 541 1040 Κάδμουι
609 1006 613 1019 .

129 1080 135 1089 ·
176 1060 244 1126 Καὶ
260 1060 343 1124 θεαὶ
361 1055 393 1124 δ’
405 1057 561 1139 ἐλάττους
574 1056 633 1125 ούκ
647 1058 855 1142 αἰσχύνονται
869 1062 1068 1148 φαινόμενοι
1080 1061 1159 1129 τού·
1179 1084 1212 1133 10

124 1186 194 1243 σου,
215 1157 284 1227 ἀλλ’
297 1155 411 1250 ῶσπερ
427 1164 619 1249 φιλοτιμίαν
633 1161 748 1242 αὐτοῖς
763 1162 845 1246 ’ἐχειν
859 1165 951 1231 δοκεῖ
961 1163 999 1230 τὸ
1013 1171 1061 1251 ’τῴ
1076 1165 1158 1244 δεῖνι

127 1267 359 1351 συγγενομένην
375 1266 464 1352 καλῶ
484 1265 675 1352 διηγεῖσθαι
687 1272 924 1354 παρεσχῆσθαι
936 1272 1007 1346 τοῖς
1026 1262 1161 1354 ἀνθρώ-

126 1390 217 1445 ποις.
253 1364 301 1432 ἀτι
319 1366 355 1433 δὲ
372 1373 439 1434 τῶν
456 1369 515 1452 μὲν
534 1364 643 1434 ἀλλων
659 1365 816 1435 ἀπάντων
839 1368 957 1457 ἑκάστη
977 1370 1160 1457 προστάτις

128 1460 213 1537 ούσα
236 1465 294 1551 ούχ
315 1468 409 1558 ἑτέρην
431 1467 644 1559 ἀμφισβητεῖ
658 1470 754 1558 ἑτέρᾳ
774 1474 852 1560 περὶ
880 1461 925 1538 ῶν
953 1468 1059 1558 ἀρχει,
1089 1468 1158 1538 ἀλλ’

51 1656 58 1665 μ
122 1569 247 1660 λίθηνῶ
271 1572 330 1656 μὲν
355 1585 427 1652 τοῖς
455 1568 652 1662 ἀνθρώποις
677 1570 837 1662 ἡγουμένη
864 1573 906 1641 τὰ
934 1572 967 1652 ἒς
994 1577 1162 1658 πολέμους

125 1672 213 1763 πρὸς
231 1671 377 1761 Ἄρτεμιν
400 1670 438 1741 ού
462 1676 661 1760 διαμάχεται
682 1679 760 1766 περὶ
782 1678 905 1765 θήρας,
935 1674 982 1756 ῶς
1004 1675 1035 1744 δ’
1051 1674 1160 1757 αύτως

123 1774 246 1866 Ἀθηνᾷ
263 1775 392 1864 κάκείνη
411 1791 606 1869 παραχωρεῖ
620 1786 687 1847 τῶν
699 1783 897 1864 πολεμικῶν,
916 1786 983 1846 τῶν
997 1780 1034 1847 δὲ
1046 1781 1161 1868 γάμων
1204 1770 1212 1779 ’

119 1875 205 1970 Ἥρᾳ
218 1876 405 1968 Ἀφροδίτη,
431 1877 501 1947 066²
519 1879 599 1969 αύτή
617 1881 704 1971 πρὸς
723 1881 824 1972 αὐτῆς
847 1883 1058 1969 ἐνοχλουμένη
1082 1882 1161 1971 περὶ

128 1974 175 2050 ῶν
193 1980 360 2072 ἓφορευει·
388 1983 506 2071 ἑκάστη
531 1982 561 2051 6¹
579 1984 637 2051 ἐπὶ
653 1986 766 2052 κάλλει
786 1992 947 2052 τοσοῦτον
969 1997 1087 2073 φρονεῖ
1106 1984 1162 2051 καί

128 2085 242 2162 πάσας
267 2081 540 2172 ὑπερβάλλεσθαι
568 2088 671 2167 δοκεῖ,
704 2082 790 2153 ῶστε
820 2091 875 2153 καὶ
901 2083 1030 2172 ῆἚρις
1057 2083 1161 2164 αύτάς

131 2183 287 2274 ἀλλήλαις
305 2185 536 2273 ἐκπολεμῶσαι
552 2192 733 2274 βουλομένη
753 2185 847 2254 οὐδὲν
869 2184 950 2255 ἀλλο
973 2183 1162 2275 προύβαλεν

130 2287 247 2369 αάταῖς
264 2285 285 2377 ή
297 2290 425 2372 κάλλος,
446 2285 550 2370 ούτως
561 2291 695 2379 οἰομένη
711 2292 835 2380 ῥᾳδίως
848 2286 931 2376 ὅπερ
945 2287 1047 2378 ῆθελε
1060 2316 1161 2356 κατα-

131 2392 271 2480 στήσειν,
287 2388 402 2480 ὀρθῶς
415 2396 469 2459 καὶ
480 2399 649 2483 φρονίμως
657 2400 756 2461 τούτο
770 2393 969 2481 λογιζομένη.
997 2397 1160 2479 σκέψαιτο

130 2491 162 2561 δ’
179 2490 220 2561 ἀν
236 2521 288 2575 τις
305 2494 457 2564 ἐντεῦθεν
478 2495 536 2585 τήν
557 2503 617 2564 τού
635 2497 773 2574 κάλλους
794 2501 1003 2581 περιουσίαν·
1031 2493 1077 2575 ῶς
1098 2494 1160 2584 γὰρ
1209 2486 1215 2491 ’

130 2596 288 2682 ἐλάβοντο
306 2604 366 2665 τού
383 2599 489 2686 μήλου
508 2603 564 2667 καὶ
581 2599 638 2688 τήν
657 2598 844 2688 ἐπιγραφήν
862 2595 1066 2680 ἀνελίξαντο,
1087 2598 1163 2664 ἑκά-

115 2723 209 2786 ·στης
222 2698 324 2788 αὐτῆς
337 2698 571 2789 ἀπολαβούσης
584 2700 667 2770 εἶναι
680 2701 718 2771 τὸ
732 2705 843 2790 μῆλον,
863 2705 1026 2790 μηδεμιᾶς
1040 2702 1075 2767 δὲ
1088 2702 1165 2767 τολ-

129 2804 244 2891 μώσης
261 2801 319 2891 τήν
336 2811 453 2892 ψήφου
470 2804 547 2872 καθ’
561 2803 661 2893 αὑτῆς
679 2805 824 2892 ίνεγκεῑν,
846 2803 891 2884 ῶς
905 2800 954 2890 ἀρ’
967 2804 1163 2892 αἰσχροτέρα

129 2908 189 2992 τῆς
211 2905 323 2995 ἑτέρας
345 2907 395 2992 ε’ίη
418 2906 476 2993 τήν
499 2906 589 2993 ὄψιν,
614 2905 805 2996 ἀνέρχονται
827 2906 921 2995 παρὰ
942 2906 999 2974 τὸν
1021 2913 1086 2973 τῶν
1104 2906 1163 2989 μὲν

130 3014 273 3096 πατέρα,
297 3013 356 3095 τῆς
374 3004 566 3096 δ’ἀδελφόν
583 3013 692 3075 τεκαὶ
711 3011 861 3076 σύνοικον
879 3013 944 3076 Δία
963 3009 1165 3097 ἐπιτρίψου-

130 3135 190 3177 σαι
207 3108 265 3195 τήν
283 3110 374 3195 δίκην
392 3106 492 3196 αὐτῷ.
530 3109 610 3192 ἔχων
630 3111 666 3176 66
682 3114 737 3176 καὶ
757 3108 855 3189 αύτὸς
877 3107 949 3198 ήτις
971 3110 1058 3178 ἐστὶν
1078 3109 1166 3180 ἀπο-

131 3211 309 3300 φήνασθαι
321 3214 475 3300 καλλίστη
490 3215 545 3279 καλ
558 3215 691 3278 πολλῶν
701 3199 857 3299 ἀνδρείων
871 3211 974 3279 δ’ντιον
986 3215 1040 3278 καὶ
1050 3220 1166 3300 σοφῶν

130 3316 188 3381 καλ
206 3320 376 3404 φρονίμων
393 3314 427 3382 ἀν
444 3341 479 3383 τε
489 3311 622 3383 Ἑλλάδι
633 3317 688 3382 καί
705 3321 745 3404 τῆ
762 3315 931 3404 βαρβάρῳ,
953 3311 970 3383 6
991 3312 1021 3381 δ’
1035 3314 1166 3400 ἐπιτρέ-

131 3442 192 3486 πει
212 3418 270 3506 τήν
291 3422 397 3507 κρίσιν
418 3418 543 3507 Πάριδι
565 3423 613 3507 τῶ
635 3419 803 3508 Πριάμου,
831 3424 948 3508 ψήφου
972 3417 1087 3504 ἐναργῆ
1109 3420 1166 3485 καί

131 3519 285 3643 καθαράη
308 3521 492 3609 ἐξενεγκὼν,
522 3518 576 3590 ἀτι
596 3525 653 3589 καὶ
675 3521 866 3613 φρονήσεως
888 3525 944 3589 καὶ
966 3526 1089 3609 σοφίας
1110 3522 1167 3587 καὶ
1251 3518 1255 3523 “

29 3709 34 3713 ,
130 3621 247 3710 ῥώμης
264 3618 417 3710 ὖιτερέχει
432 3623 471 3691 τὸ
489 3626 617 3705 κάλλος.

72 3734 78 3753 ¹
150 3722 356 3810 Τοσαύτην
381 3722 411 3789 6³
428 3723 659 3820 ἐπιμέλειαν
639 3731 693 3795 αεὶ
713 3735 914 3818 πεποίηνται
939 3732 995 3794 καὶ
1018 3727 1166 3816 σπουδήν
1185 3750 1217 3801 11

131 3821 265 3893 ἀκούειν
278 3822 362 3892 εἶναι
375 3822 527 3908 καλαὶ,’
498 3852 583 3895 ωστε
596 3829 696 3895 καὶ
663 3858 720 3897 τον
729 3828 846 3919 ήρῶιον
859 3856 895 3897 τε
908 3830 1097 3917 κοσμήτορα
1110 3832 1166 3899 καί

131 3936 225 3997 θεῶν
238 3925 378 4031 ποιητήν
392 3926 451 3997 οὐκ
465 3925 608 3997 άλλοθέν
617 3938 728 3999 ποθεν
730 3930 762 4021 ῆ
776 3930 869 4020 παρὰ
881 3958 940 3999 του
925 3933 1092 4013 κάλλους
1104 3958 1167 4002 πε

128 4036 285 4109 πείκασιν
294 4030 472 4120 ονομαζειν.
486 4029 613 4125 ηδιον
590 4060 630 4103 αν
639 4060 696 4104 ουν
705 4032 1166 4128 ακουσαιλευκωλενοςηΗρα
1222 4029 1226 4039 ’
