<?xml version="1.0" encoding="UTF-8"?>
<!DOCTYPE html PUBLIC "-//W3C//DTD XHTML 1.0 Transitional//EN"
    "http://www.w3.org/TR/xhtml1/DTD/xhtml1-transitional.dtd">
<html xmlns="http://www.w3.org/1999/xhtml" xml:lang="en" lang="en">
 <head>
  <title>
</title>
<meta http-equiv="Content-Type" content="text/html;charset=utf-8" />
  <meta name='ocr-system' content='tesseract 3.04.00' />
  <meta name='ocr-capabilities' content='ocr_page ocr_carea ocr_par ocr_line ocrx_word'/>
</head>
<body>
  <div class='ocr_page' id='page_1' title='image "./lucianisamosate00dindgoog_0042.png"; bbox 0 0 2748 4572; ppageno 0'>
   <div class='ocr_carea' id='block_1_1' title="bbox 13 184 1255 3469">
    <p class='ocr_par' dir='ltr' id='par_1_1' title="bbox 111 184 1255 1823">
     <span class='ocr_line' id='line_1_1' title="bbox 263 184 1157 285; baseline 0.002 -38"><span class='ocrx_word' id='word_1_1' title='bbox 263 274 273 285; x_wconf 25' lang='lat'>³</span> <span class='ocrx_word' id='word_1_2' title='bbox 384 193 448 248; x_wconf 73' lang='grc' dir='ltr'><strong><em>εΗ.</em></strong></span> <span class='ocrx_word' id='word_1_3' title='bbox 474 194 756 272; x_wconf 63' lang='lat' dir='ltr'><strong><em>motmunt</em></strong></span> <span class='ocrx_word' id='word_1_4' title='bbox 777 196 897 252; x_wconf 79' lang='grc' dir='ltr'><strong><em>εο-εε.</em></strong></span> <span class='ocrx_word' id='word_1_5' title='bbox 1113 184 1157 249; x_wconf 75' lang='lat'><strong><em>23</em></strong></span> 
     </span>
     <span class='ocr_line' id='line_1_2' title="bbox 115 289 1156 389; baseline -0.003 -18"><span class='ocrx_word' id='word_1_6' title='bbox 115 305 225 386; x_wconf 87' lang='grc' dir='ltr'><strong><em>λιχσς,</em></strong></span> <span class='ocrx_word' id='word_1_7' title='bbox 256 295 319 386; x_wconf 76' lang='grc' dir='ltr'><strong><em>ὅρα</em></strong></span> <span class='ocrx_word' id='word_1_8' title='bbox 343 289 438 378; x_wconf 74' lang='grc' dir='ltr'><strong><em>ὅπως</em></strong></span> <span class='ocrx_word' id='word_1_9' title='bbox 462 296 608 387; x_wconf 77' lang='grc' dir='ltr'><strong><em>ἠμύνατο</em></strong></span> <span class='ocrx_word' id='word_1_10' title='bbox 634 302 691 366; x_wconf 83' lang='grc' dir='ltr'><strong><em>καί</em></strong></span> <span class='ocrx_word' id='word_1_11' title='bbox 715 300 932 389; x_wconf 80' lang='grc' dir='ltr'><strong><em>κατεφώρασε</em></strong></span> <span class='ocrx_word' id='word_1_12' title='bbox 957 298 1014 368; x_wconf 85' lang='grc' dir='ltr'><strong><em>τὸν</em></strong></span> <span class='ocrx_word' id='word_1_13' title='bbox 1035 307 1156 387; x_wconf 87' lang='grc' dir='ltr'><strong><em>Λίβυν·</em></strong></span> 
     </span>
     <span class='ocr_line' id='line_1_3' title="bbox 115 399 1156 492; baseline -0.003 -18"><span class='ocrx_word' id='word_1_14' title='bbox 115 402 160 474; x_wconf 76' lang='grc' dir='ltr'><strong><em>δι’</em></strong></span> <span class='ocrx_word' id='word_1_15' title='bbox 178 401 262 490; x_wconf 80' lang='grc' dir='ltr'><strong><em>ὅλης</em></strong></span> <span class='ocrx_word' id='word_1_16' title='bbox 286 400 349 488; x_wconf 85' lang='grc' dir='ltr'><strong><em>γὰρ</em></strong></span> <span class='ocrx_word' id='word_1_17' title='bbox 370 408 430 489; x_wconf 78' lang='grc' dir='ltr'><strong><em>τῆς</em></strong></span> <span class='ocrx_word' id='word_1_18' title='bbox 450 399 564 482; x_wconf 88' lang='grc' dir='ltr'><strong><em>νυκτὸς</em></strong></span> <span class='ocrx_word' id='word_1_19' title='bbox 586 403 717 491; x_wconf 76' lang='grc' dir='ltr'><strong><em>περιῄει</em></strong></span> <span class='ocrx_word' id='word_1_20' title='bbox 740 403 774 470; x_wconf 90' lang='grc' dir='ltr'><strong><em>ἐν</em></strong></span> <span class='ocrx_word' id='word_1_21' title='bbox 794 404 899 491; x_wconf 80' lang='grc' dir='ltr'><strong><em>κύκλῳ</em></strong></span> <span class='ocrx_word' id='word_1_22' title='bbox 925 402 984 492; x_wconf 79' lang='grc' dir='ltr'><strong><em>τὴν</em></strong></span> <span class='ocrx_word' id='word_1_23' title='bbox 1011 402 1112 492; x_wconf 81' lang='grc' dir='ltr'><strong><em>αὐλὴν</em></strong></span> <span class='ocrx_word' id='word_1_24' title='bbox 1134 400 1156 472; x_wconf 80' lang='grc' dir='ltr'>ὁ</span> 
     </span>
     <span class='ocr_line' id='line_1_4' title="bbox 116 501 1157 597; baseline 0 -22"><span class='ocrx_word' id='word_1_25' title='bbox 116 505 254 587; x_wconf 73' lang='grc' dir='ltr'><strong><em>ἅθλιος,</em></strong></span> <span class='ocrx_word' id='word_1_26' title='bbox 275 504 424 586; x_wconf 72' lang='grc' dir='ltr'><strong><em>ἐξελθεῖν</em></strong></span> <span class='ocrx_word' id='word_1_27' title='bbox 439 502 476 572; x_wconf 88' lang='grc' dir='ltr'><strong><em>οῦ</em></strong></span> <span class='ocrx_word' id='word_1_28' title='bbox 492 505 679 589; x_wconf 89' lang='grc' dir='ltr'><strong><em>δυνάμενος,</em></strong></span> <span class='ocrx_word' id='word_1_29' title='bbox 700 501 815 597; x_wconf 83' lang='grc' dir='ltr'><strong><em>ῶσπερ</em></strong></span> <span class='ocrx_word' id='word_1_30' title='bbox 833 505 867 586; x_wconf 87' lang='grc' dir='ltr'><strong><em>ἐς</em></strong></span> <span class='ocrx_word' id='word_1_31' title='bbox 879 508 1080 597; x_wconf 74' lang='grc' dir='ltr'><strong><em>λαβύρινθον</em></strong></span> <span class='ocrx_word' id='word_1_32' title='bbox 1099 505 1157 591; x_wconf 77' lang='grc' dir='ltr'><strong><em>ίμ-</em></strong></span> 
     </span>
     <span class='ocr_line' id='line_1_5' title="bbox 116 604 1156 699; baseline -0.002 -20"><span class='ocrx_word' id='word_1_33' title='bbox 116 608 243 690; x_wconf 85' lang='grc' dir='ltr'><strong><em>πισῶν,</em></strong></span> <span class='ocrx_word' id='word_1_34' title='bbox 264 604 341 694; x_wconf 79' lang='grc' dir='ltr'><strong><em>άχρι</em></strong></span> <span class='ocrx_word' id='word_1_35' title='bbox 359 606 399 695; x_wconf 81' lang='grc' dir='ltr'><strong><em>δὴ</em></strong></span> <span class='ocrx_word' id='word_1_36' title='bbox 416 608 611 696; x_wconf 74' lang='grc' dir='ltr'><strong><em>κατελήφθη</em></strong></span> <span class='ocrx_word' id='word_1_37' title='bbox 630 607 711 692; x_wconf 72' lang='grc' dir='ltr'><strong><em>ἔχων</em></strong></span> <span class='ocrx_word' id='word_1_38' title='bbox 727 607 770 676; x_wconf 83' lang='grc' dir='ltr'><strong><em>τὰ</em></strong></span> <span class='ocrx_word' id='word_1_39' title='bbox 787 609 901 699; x_wconf 81' lang='grc' dir='ltr'><strong><em>φώρια</em></strong></span> <span class='ocrx_word' id='word_1_40' title='bbox 913 615 1086 699; x_wconf 77' lang='grc' dir='ltr'><strong><em>γενομένης</em></strong></span> <span class='ocrx_word' id='word_1_41' title='bbox 1097 616 1156 698; x_wconf 86' lang='grc' dir='ltr'><strong><em>τῆς</em></strong></span> 
     </span>
     <span class='ocr_line' id='line_1_6' title="bbox 115 708 1255 802; baseline -0.001 -24"><span class='ocrx_word' id='word_1_42' title='bbox 115 711 254 802; x_wconf 71' lang='grc' dir='ltr'><strong><em>ἡμέρας.</em></strong></span> <span class='ocrx_word' id='word_1_43' title='bbox 290 713 347 777; x_wconf 87' lang='grc' dir='ltr'><strong><em>καὶ</em></strong></span> <span class='ocrx_word' id='word_1_44' title='bbox 368 710 444 779; x_wconf 86' lang='grc' dir='ltr'><strong><em>τότε</em></strong></span> <span class='ocrx_word' id='word_1_45' title='bbox 464 712 525 794; x_wconf 82' lang='grc' dir='ltr'><strong><em>μέν</em></strong></span> <span class='ocrx_word' id='word_1_46' title='bbox 545 709 674 799; x_wconf 86' lang='grc' dir='ltr'><strong><em>πληγὰς</em></strong></span> <span class='ocrx_word' id='word_1_47' title='bbox 692 708 751 778; x_wconf 88' lang='grc' dir='ltr'><strong><em>οῦκ</em></strong></span> <span class='ocrx_word' id='word_1_48' title='bbox 773 708 885 798; x_wconf 78' lang='grc' dir='ltr'><strong><em>ὀλίγας</em></strong></span> <span class='ocrx_word' id='word_1_49' title='bbox 908 712 1021 798; x_wconf 81' lang='grc' dir='ltr'><strong><em>ἐλαβεν</em></strong></span> <span class='ocrx_word' id='word_1_50' title='bbox 1043 710 1152 795; x_wconf 85' lang='grc' dir='ltr'><strong><em>άλοῦς,</em></strong></span> <span class='ocrx_word' id='word_1_51' title='bbox 1244 766 1255 777; x_wconf 71' lang='grc'><strong><em>,</em></strong></span> 
     </span>
     <span class='ocr_line' id='line_1_7' title="bbox 118 812 1154 903; baseline -0.003 -18"><span class='ocrx_word' id='word_1_52' title='bbox 118 813 159 885; x_wconf 86' lang='grc' dir='ltr'><strong><em>οῦ</em></strong></span> <span class='ocrx_word' id='word_1_53' title='bbox 179 812 287 882; x_wconf 81' lang='grc' dir='ltr'><strong><em>πολύν</em></strong></span> <span class='ocrx_word' id='word_1_54' title='bbox 305 814 343 880; x_wconf 85' lang='grc' dir='ltr'><strong><em>δέ</em></strong></span> <span class='ocrx_word' id='word_1_55' title='bbox 360 812 512 897; x_wconf 73' lang='grc' dir='ltr'><strong><em>ἐπιβιοὺς</em></strong></span> <span class='ocrx_word' id='word_1_56' title='bbox 527 815 644 903; x_wconf 88' lang='grc' dir='ltr'><strong><em>χρόνον</em></strong></span> <span class='ocrx_word' id='word_1_57' title='bbox 661 812 760 894; x_wconf 85' lang='grc' dir='ltr'><strong><em>κακὸς</em></strong></span> <span class='ocrx_word' id='word_1_58' title='bbox 781 821 888 896; x_wconf 90' lang='grc' dir='ltr'><strong><em>κακῶς</em></strong></span> <span class='ocrx_word' id='word_1_59' title='bbox 907 812 1068 897; x_wconf 86' lang='grc' dir='ltr'><strong><em>ύπίθανε,</em></strong></span> <span class='ocrx_word' id='word_1_60' title='bbox 1087 841 1154 900; x_wconf 80' lang='grc' dir='ltr'><strong><em>μα·</em></strong></span> 
     </span>
     <span class='ocr_line' id='line_1_8' title="bbox 116 913 1156 1006; baseline -0.002 -18"><span class='ocrx_word' id='word_1_61' title='bbox 116 918 342 1005; x_wconf 89' lang='grc' dir='ltr'><strong><em>στιγούμενος,</em></strong></span> <span class='ocrx_word' id='word_1_62' title='bbox 364 913 409 996; x_wconf 88' lang='grc' dir='ltr'><strong><em>ῶς</em></strong></span> <span class='ocrx_word' id='word_1_63' title='bbox 428 916 524 1003; x_wconf 71' lang='grc' dir='ltr'><strong><em>ἔλεγε,</em></strong></span> <span class='ocrx_word' id='word_1_64' title='bbox 544 914 628 984; x_wconf 82' lang='grc' dir='ltr'><strong><em>κατὰ</em></strong></span> <span class='ocrx_word' id='word_1_65' title='bbox 645 915 703 1006; x_wconf 83' lang='grc' dir='ltr'><strong><em>τὴν</em></strong></span> <span class='ocrx_word' id='word_1_66' title='bbox 716 918 819 985; x_wconf 79' lang='grc' dir='ltr'><strong><em>’νύκτα</em></strong></span> <span class='ocrx_word' id='word_1_67' title='bbox 833 917 979 1006; x_wconf 78' lang='grc' dir='ltr'><strong><em>ἑκάστην,</em></strong></span> <span class='ocrx_word' id='word_1_68' title='bbox 999 913 1086 986; x_wconf 83' lang='grc' dir='ltr'><strong><em>ώστε</em></strong></span> <span class='ocrx_word' id='word_1_69' title='bbox 1099 920 1156 986; x_wconf 84' lang='grc' dir='ltr'><strong><em>καί</em></strong></span> 
     </span>
     <span class='ocr_line' id='line_1_9' title="bbox 115 1017 1155 1108; baseline 0 -20"><span class='ocrx_word' id='word_1_70' title='bbox 115 1022 292 1108; x_wconf 78' lang='grc' dir='ltr'><strong><em>μώλωπας</em></strong></span> <span class='ocrx_word' id='word_1_71' title='bbox 310 1018 343 1098; x_wconf 85' lang='grc' dir='ltr'><strong><em>ἐς</em></strong></span> <span class='ocrx_word' id='word_1_72' title='bbox 360 1017 418 1105; x_wconf 80' lang='grc' dir='ltr'><strong><em>τὴν</em></strong></span> <span class='ocrx_word' id='word_1_73' title='bbox 436 1018 597 1087; x_wconf 86' lang='grc' dir='ltr'><strong><em>ἐπιοῦσαν</em></strong></span> <span class='ocrx_word' id='word_1_74' title='bbox 616 1026 800 1107; x_wconf 87' lang='grc' dir='ltr'><strong><em>φαίνεσθαι</em></strong></span> <span class='ocrx_word' id='word_1_75' title='bbox 819 1017 919 1088; x_wconf 76' lang='grc' dir='ltr'><strong><em>αὐτοῦ</em></strong></span> <span class='ocrx_word' id='word_1_76' title='bbox 937 1021 997 1089; x_wconf 88' lang='grc' dir='ltr'><strong><em>ἐπὶ</em></strong></span> <span class='ocrx_word' id='word_1_77' title='bbox 1012 1028 1072 1088; x_wconf 89' lang='grc' dir='ltr'><strong><em>τοῦ</em></strong></span> <span class='ocrx_word' id='word_1_78' title='bbox 1087 1022 1155 1089; x_wconf 87' lang='grc' dir='ltr'><strong><em>σώ-</em></strong></span> 
     </span>
     <span class='ocr_line' id='line_1_10' title="bbox 112 1112 1155 1210; baseline 0 -19"><span class='ocrx_word' id='word_1_79' title='bbox 112 1147 234 1210; x_wconf 82' lang='grc' dir='ltr'><strong><em>ματος.</em></strong></span> <span class='ocrx_word' id='word_1_80' title='bbox 262 1119 349 1208; x_wconf 84' lang='grc' dir='ltr'><strong><em>πρὸς</em></strong></span> <span class='ocrx_word' id='word_1_81' title='bbox 361 1127 474 1201; x_wconf 85' lang='grc' dir='ltr'><strong><em>ταῦτα,</em></strong></span> <span class='ocrx_word' id='word_1_82' title='bbox 495 1112 522 1188; x_wconf 88' lang='grc' dir='ltr'><strong><em>ώ</em></strong></span> <span class='ocrx_word' id='word_1_83' title='bbox 540 1123 691 1210; x_wconf 78' lang='grc' dir='ltr'><strong><em>Τυχιάδη,</em></strong></span> <span class='ocrx_word' id='word_1_84' title='bbox 711 1126 767 1190; x_wconf 81' lang='grc' dir='ltr'><strong><em>καὶ</em></strong></span> <span class='ocrx_word' id='word_1_85' title='bbox 779 1121 837 1191; x_wconf 88' lang='grc' dir='ltr'><strong><em>τὸν</em></strong></span> <span class='ocrx_word' id='word_1_86' title='bbox 849 1127 1007 1208; x_wconf 81' lang='grc' dir='ltr'><strong><em>Πέλλιχον</em></strong></span> <span class='ocrx_word' id='word_1_87' title='bbox 1022 1129 1155 1193; x_wconf 85' lang='grc' dir='ltr'><strong><em>σκῶπτε</em></strong></span> 
     </span>
     <span class='ocr_line' id='line_1_11' title="bbox 116 1221 1153 1315; baseline 0.001 -22"><span class='ocrx_word' id='word_1_88' title='bbox 116 1224 202 1310; x_wconf 74' lang='grc' dir='ltr'><strong><em>κάμε</em></strong></span> <span class='ocrx_word' id='word_1_89' title='bbox 216 1221 331 1312; x_wconf 87' lang='grc' dir='ltr'><strong><em>ῶσπερ</em></strong></span> <span class='ocrx_word' id='word_1_90' title='bbox 344 1230 403 1292; x_wconf 90' lang='grc' dir='ltr'><strong><em>τοῦ</em></strong></span> <span class='ocrx_word' id='word_1_91' title='bbox 412 1230 543 1304; x_wconf 88' lang='grc' dir='ltr'><strong><em>Μίνωος</em></strong></span> <span class='ocrx_word' id='word_1_92' title='bbox 551 1222 727 1314; x_wconf 81' lang='grc' dir='ltr'><strong><em>ἡλικιώτην</em></strong></span> <span class='ocrx_word' id='word_1_93' title='bbox 741 1224 947 1315; x_wconf 84' lang='grc' dir='ltr'><strong><em>παραπαίειν</em></strong></span> <span class='ocrx_word' id='word_1_94' title='bbox 961 1223 1021 1314; x_wconf 80' lang='grc' dir='ltr'><strong><em>ἤδη</em></strong></span> <span class='ocrx_word' id='word_1_95' title='bbox 1032 1223 1153 1295; x_wconf 82' lang='grc' dir='ltr'><strong><em>δόκει.”</em></strong></span> 
     </span>
     <span class='ocr_line' id='line_1_12' title="bbox 111 1317 1156 1415; baseline -0.001 -20"><span class='ocrx_word' id='word_1_96' title='bbox 111 1324 223 1409; x_wconf 76' lang='grc' dir='ltr'><strong><em>“άλλ’,</em></strong></span> <span class='ocrx_word' id='word_1_97' title='bbox 244 1317 272 1394; x_wconf 85' lang='grc' dir='ltr'><strong><em>ῶ</em></strong></span> <span class='ocrx_word' id='word_1_98' title='bbox 285 1323 478 1415; x_wconf 79' lang='grc' dir='ltr'><strong><em>Εύκρατες,”</em></strong></span> <span class='ocrx_word' id='word_1_99' title='bbox 498 1317 536 1415; x_wconf 82' lang='grc' dir='ltr'><strong><em>ἦν</em></strong></span> <span class='ocrx_word' id='word_1_100' title='bbox 550 1324 581 1395; x_wconf 79' lang='grc' dir='ltr'><strong><em>δ’</em></strong></span> <span class='ocrx_word' id='word_1_101' title='bbox 594 1326 667 1414; x_wconf 75' lang='grc' dir='ltr'><strong><em>ἐγώ,</em></strong></span> <span class='ocrx_word' id='word_1_102' title='bbox 684 1324 773 1394; x_wconf 54' lang='grc' dir='ltr'><strong><em>(ἐστ’</em></strong></span> <span class='ocrx_word' id='word_1_103' title='bbox 785 1325 825 1395; x_wconf 83' lang='grc' dir='ltr'><strong><em>άν</em></strong></span> <span class='ocrx_word' id='word_1_104' title='bbox 839 1326 858 1395; x_wconf 82' lang='grc' dir='ltr'><strong><em>δ</em></strong></span> <span class='ocrx_word' id='word_1_105' title='bbox 870 1326 990 1411; x_wconf 86' lang='grc' dir='ltr'><strong><em>χαλκὸς</em></strong></span> <span class='ocrx_word' id='word_1_106' title='bbox 1001 1329 1060 1412; x_wconf 77' lang='grc' dir='ltr'><strong><em>μὲν</em></strong></span> <span class='ocrx_word' id='word_1_107' title='bbox 1075 1332 1156 1412; x_wconf 87' lang='grc' dir='ltr'><strong><em>χαλ-</em></strong></span> 
     </span>
     <span class='ocr_line' id='line_1_13' title="bbox 116 1418 1152 1519; baseline 0 -22"><span class='ocrx_word' id='word_1_108' title='bbox 116 1431 185 1513; x_wconf 88' lang='grc' dir='ltr'><strong><em>κὸς,</em></strong></span> <span class='ocrx_word' id='word_1_109' title='bbox 204 1428 244 1498; x_wconf 86' lang='grc' dir='ltr'><strong><em>τὸ</em></strong></span> <span class='ocrx_word' id='word_1_110' title='bbox 264 1430 300 1497; x_wconf 87' lang='grc' dir='ltr'><strong><em>δὲ</em></strong></span> <span class='ocrx_word' id='word_1_111' title='bbox 319 1428 411 1516; x_wconf 72' lang='grc' dir='ltr'><strong><em>ἔργον</em></strong></span> <span class='ocrx_word' id='word_1_112' title='bbox 425 1430 610 1519; x_wconf 81' lang='grc' dir='ltr'><strong><em>Δημήτριος</em></strong></span> <span class='ocrx_word' id='word_1_113' title='bbox 629 1425 884 1519; x_wconf 66' lang='grc' dir='ltr'><strong><em>ὃέίλωπεκῆθεν</em></strong></span> <span class='ocrx_word' id='word_1_114' title='bbox 898 1418 1108 1518; x_wconf 75' lang='grc' dir='ltr'><strong><em>εἰργασμένος</em></strong></span> <span class='ocrx_word' id='word_1_115' title='bbox 1120 1421 1152 1519; x_wconf 83' lang='grc' dir='ltr'><strong><em>ᾖ,</em></strong></span> 
     </span>
     <span class='ocr_line' id='line_1_14' title="bbox 117 1529 1155 1622; baseline -0.003 -20"><span class='ocrx_word' id='word_1_116' title='bbox 117 1531 158 1602; x_wconf 84' lang='grc' dir='ltr'><strong><em>σύ</em></strong></span> <span class='ocrx_word' id='word_1_117' title='bbox 178 1533 345 1611; x_wconf 77' lang='grc' dir='ltr'><strong><em>θεοποιός</em></strong></span> <span class='ocrx_word' id='word_1_118' title='bbox 362 1557 427 1613; x_wconf 89' lang='grc' dir='ltr'><strong><em>τις,</em></strong></span> <span class='ocrx_word' id='word_1_119' title='bbox 452 1529 520 1599; x_wconf 74' lang='grc' dir='ltr'><strong><em>ἀλλ’</em></strong></span> <span class='ocrx_word' id='word_1_120' title='bbox 536 1530 801 1619; x_wconf 74' lang='grc' dir='ltr'><strong><em>ἀνθρωποποιὸς</em></strong></span> <span class='ocrx_word' id='word_1_121' title='bbox 819 1530 874 1613; x_wconf 85' lang='grc' dir='ltr'><strong><em>ῶν,</em></strong></span> <span class='ocrx_word' id='word_1_122' title='bbox 899 1529 1024 1600; x_wconf 82' lang='grc' dir='ltr'><strong><em>ούποτε</em></strong></span> <span class='ocrx_word' id='word_1_123' title='bbox 1047 1532 1155 1622; x_wconf 80' lang='grc' dir='ltr'><strong><em>φοβή-</em></strong></span> 
     </span>
     <span class='ocr_line' id='line_1_15' title="bbox 116 1632 1152 1721; baseline -0.001 -16"><span class='ocrx_word' id='word_1_124' title='bbox 116 1662 224 1721; x_wconf 91' lang='grc' dir='ltr'><strong><em>σομαι</em></strong></span> <span class='ocrx_word' id='word_1_125' title='bbox 245 1633 302 1703; x_wconf 84' lang='grc' dir='ltr'><strong><em>τὸν</em></strong></span> <span class='ocrx_word' id='word_1_126' title='bbox 324 1632 503 1721; x_wconf 78' lang='grc' dir='ltr'><strong><em>ἀνδριάντα</em></strong></span> <span class='ocrx_word' id='word_1_127' title='bbox 524 1639 698 1720; x_wconf 87' lang='grc' dir='ltr'><strong><em>Πελλίχου,</em></strong></span> <span class='ocrx_word' id='word_1_128' title='bbox 727 1635 764 1704; x_wconf 84' lang='grc' dir='ltr'><strong><em>ὃν</em></strong></span> <span class='ocrx_word' id='word_1_129' title='bbox 786 1632 858 1703; x_wconf 73' lang='grc' dir='ltr'><strong><em>οὐδ’</em></strong></span> <span class='ocrx_word' id='word_1_130' title='bbox 875 1632 914 1702; x_wconf 81' lang='grc' dir='ltr'><strong><em>άν</em></strong></span> <span class='ocrx_word' id='word_1_131' title='bbox 937 1637 1042 1718; x_wconf 88' lang='grc' dir='ltr'><strong><em>ζῶντα</em></strong></span> <span class='ocrx_word' id='word_1_132' title='bbox 1064 1637 1152 1704; x_wconf 90' lang='grc' dir='ltr'><strong><em>πάνυ</em></strong></span> 
     </span>
     <span class='ocr_line' id='line_1_16' title="bbox 116 1734 584 1823; baseline -0.004 -15"><span class='ocrx_word' id='word_1_133' title='bbox 116 1740 259 1808; x_wconf 88' lang='grc' dir='ltr'><strong><em>ἐδεδίειν</em></strong></span> <span class='ocrx_word' id='word_1_134' title='bbox 277 1734 478 1806; x_wconf 76' lang='grc' dir='ltr'><strong><em>ἀπειλοῦντά</em></strong></span> <span class='ocrx_word' id='word_1_135' title='bbox 495 1735 584 1823; x_wconf 81' lang='grc' dir='ltr'><strong><em>μοι.”</em></strong></span> 
     </span>
    </p>

    <p class='ocr_par' dir='ltr' id='par_1_2' title="bbox 115 1832 1203 2442">
     <span class='ocr_line' id='line_1_17' title="bbox 168 1832 1203 1928; baseline 0.003 -18"><span class='ocrx_word' id='word_1_136' title='bbox 168 1838 243 1910; x_wconf 74' lang='grc' dir='ltr'><strong><em>Ἐπὶ</em></strong></span> <span class='ocrx_word' id='word_1_137' title='bbox 260 1840 392 1920; x_wconf 86' lang='grc' dir='ltr'><strong><em>τούτοις</em></strong></span> <span class='ocrx_word' id='word_1_138' title='bbox 406 1837 584 1927; x_wconf 64' lang='grc' dir='ltr'><strong><em>Ἀντίγονος</em></strong></span> <span class='ocrx_word' id='word_1_139' title='bbox 602 1837 620 1908; x_wconf 82' lang='grc' dir='ltr'><strong><em>ὅ</em></strong></span> <span class='ocrx_word' id='word_1_140' title='bbox 640 1839 753 1928; x_wconf 77' lang='grc' dir='ltr'><strong><em>ἰατρὸς</em></strong></span> <span class='ocrx_word' id='word_1_141' title='bbox 771 1837 859 1922; x_wconf 80' lang='grc' dir='ltr'><strong><em>εἶπε,</em></strong></span> <span class='ocrx_word' id='word_1_142' title='bbox 880 1838 1019 1927; x_wconf 75' lang='grc' dir='ltr'><strong><em>“κοἰμολ,</em></strong></span> <span class='ocrx_word' id='word_1_143' title='bbox 1040 1832 1067 1908; x_wconf 88' lang='grc' dir='ltr'><strong><em>ῶ</em></strong></span> <span class='ocrx_word' id='word_1_144' title='bbox 1084 1836 1153 1910; x_wconf 83' lang='grc' dir='ltr'><strong><em>Εῦ-</em></strong></span> <span class='ocrx_word' id='word_1_145' title='bbox 1170 1861 1203 1913; x_wconf 73' lang='lat'><strong><em>21</em></strong></span> 
     </span>
     <span class='ocr_line' id='line_1_18' title="bbox 116 1939 1154 2033; baseline -0.001 -21"><span class='ocrx_word' id='word_1_146' title='bbox 116 1969 250 2031; x_wconf 87' lang='grc' dir='ltr'><strong><em>κρατες,</em></strong></span> <span class='ocrx_word' id='word_1_147' title='bbox 271 1939 490 2029; x_wconf 79' lang='grc' dir='ltr'><strong><em>Ἱπποκράτης</em></strong></span> <span class='ocrx_word' id='word_1_148' title='bbox 508 1942 578 2011; x_wconf 85' lang='grc' dir='ltr'><strong><em>ἐστὶ</em></strong></span> <span class='ocrx_word' id='word_1_149' title='bbox 598 1947 736 2027; x_wconf 82' lang='grc' dir='ltr'><strong><em>χαλκοῦς</em></strong></span> <span class='ocrx_word' id='word_1_150' title='bbox 759 1940 837 2012; x_wconf 81' lang='grc' dir='ltr'><strong><em>ὅσον</em></strong></span> <span class='ocrx_word' id='word_1_151' title='bbox 855 1958 1017 2033; x_wconf 84' lang='grc' dir='ltr'><strong><em>πηχυαῖος</em></strong></span> <span class='ocrx_word' id='word_1_152' title='bbox 1038 1942 1077 2012; x_wconf 86' lang='grc' dir='ltr'><strong><em>τὸ</em></strong></span> <span class='ocrx_word' id='word_1_153' title='bbox 1094 1949 1154 2029; x_wconf 80' lang='grc' dir='ltr'><strong><em>μί·</em></strong></span> 
     </span>
     <span class='ocr_line' id='line_1_19' title="bbox 115 2043 1154 2140; baseline 0.001 -27"><span class='ocrx_word' id='word_1_154' title='bbox 115 2053 237 2136; x_wconf 87' lang='grc' dir='ltr'><strong><em>γεθος,</em></strong></span> <span class='ocrx_word' id='word_1_155' title='bbox 261 2044 298 2125; x_wconf 83' lang='grc' dir='ltr'><strong><em>ὃς</em></strong></span> <span class='ocrx_word' id='word_1_156' title='bbox 319 2045 420 2129; x_wconf 88' lang='grc' dir='ltr'><strong><em>μόνον</em></strong></span> <span class='ocrx_word' id='word_1_157' title='bbox 443 2046 578 2114; x_wconf 85' lang='grc' dir='ltr'><strong><em>ἐπειδὰν</em></strong></span> <span class='ocrx_word' id='word_1_158' title='bbox 599 2043 619 2133; x_wconf 78' lang='grc' dir='ltr'>ἡ</span> <span class='ocrx_word' id='word_1_159' title='bbox 642 2049 806 2140; x_wconf 80' lang='grc' dir='ltr'><strong><em>θρυαλλὶς</em></strong></span> <span class='ocrx_word' id='word_1_160' title='bbox 832 2043 979 2136; x_wconf 78' lang='grc' dir='ltr'><strong><em>ἀποσβῇ,</em></strong></span> <span class='ocrx_word' id='word_1_161' title='bbox 1008 2053 1154 2134; x_wconf 88' lang='grc' dir='ltr'><strong><em>περίεισι</em></strong></span> 
     </span>
     <span class='ocr_line' id='line_1_20' title="bbox 115 2143 1155 2236; baseline -0.002 -19"><span class='ocrx_word' id='word_1_162' title='bbox 115 2149 180 2236; x_wconf 80' lang='grc' dir='ltr'><strong><em>τὴν</em></strong></span> <span class='ocrx_word' id='word_1_163' title='bbox 204 2149 308 2216; x_wconf 80' lang='grc' dir='ltr'><strong><em>οἰκίαν</em></strong></span> <span class='ocrx_word' id='word_1_164' title='bbox 329 2143 410 2235; x_wconf 80' lang='grc' dir='ltr'><strong><em>δ’λην</em></strong></span> <span class='ocrx_word' id='word_1_165' title='bbox 432 2147 465 2216; x_wconf 82' lang='grc' dir='ltr'><strong><em>ἐν</em></strong></span> <span class='ocrx_word' id='word_1_166' title='bbox 485 2150 591 2236; x_wconf 83' lang='grc' dir='ltr'><strong><em>κύκλῳ</em></strong></span> <span class='ocrx_word' id='word_1_167' title='bbox 615 2155 738 2235; x_wconf 82' lang='grc' dir='ltr'><strong><em>ψοφῶν</em></strong></span> <span class='ocrx_word' id='word_1_168' title='bbox 760 2148 892 2228; x_wconf 82' lang='grc' dir='ltr'><strong><em>καὶτὰς</em></strong></span> <span class='ocrx_word' id='word_1_169' title='bbox 914 2150 1055 2228; x_wconf 79' lang='grc' dir='ltr'><strong><em>πυξίδας</em></strong></span> <span class='ocrx_word' id='word_1_170' title='bbox 1074 2146 1155 2215; x_wconf 85' lang='grc' dir='ltr'><strong><em>άνα-</em></strong></span> 
     </span>
     <span class='ocr_line' id='line_1_21' title="bbox 120 2248 1164 2339; baseline -0.002 -21"><span class='ocrx_word' id='word_1_171' title='bbox 120 2256 256 2338; x_wconf 85' lang='grc' dir='ltr'><strong><em>τρέπων</em></strong></span> <span class='ocrx_word' id='word_1_172' title='bbox 272 2254 324 2317; x_wconf 82' lang='grc' dir='ltr'><strong><em>καὶ</em></strong></span> <span class='ocrx_word' id='word_1_173' title='bbox 340 2249 383 2318; x_wconf 89' lang='grc' dir='ltr'><strong><em>τὰ</em></strong></span> <span class='ocrx_word' id='word_1_174' title='bbox 402 2249 560 2338; x_wconf 89' lang='grc' dir='ltr'><strong><em>φάρμακα</em></strong></span> <span class='ocrx_word' id='word_1_175' title='bbox 578 2257 721 2339; x_wconf 82' lang='grc' dir='ltr'><strong><em>συγχέων</em></strong></span> <span class='ocrx_word' id='word_1_176' title='bbox 738 2253 794 2317; x_wconf 82' lang='grc' dir='ltr'><strong><em>καὶ</em></strong></span> <span class='ocrx_word' id='word_1_177' title='bbox 810 2248 868 2339; x_wconf 80' lang='grc' dir='ltr'><strong><em>τὴν</em></strong></span> <span class='ocrx_word' id='word_1_178' title='bbox 880 2250 989 2338; x_wconf 86' lang='grc' dir='ltr'><strong><em>θύραν</em></strong></span> <span class='ocrx_word' id='word_1_179' title='bbox 1002 2255 1164 2338; x_wconf 74' lang='grc' dir='ltr'><strong><em>περιτρέ·ι</em></strong></span> 
     </span>
     <span class='ocr_line' id='line_1_22' title="bbox 116 2350 1151 2442; baseline -0.003 -20"><span class='ocrx_word' id='word_1_180' title='bbox 116 2379 206 2435; x_wconf 87' lang='grc' dir='ltr'><strong><em>πων,</em></strong></span> <span class='ocrx_word' id='word_1_181' title='bbox 235 2355 289 2420; x_wconf 84' lang='grc' dir='ltr'><strong><em>καὶ</em></strong></span> <span class='ocrx_word' id='word_1_182' title='bbox 307 2353 453 2437; x_wconf 85' lang='grc' dir='ltr'><strong><em>μάλιστα</em></strong></span> <span class='ocrx_word' id='word_1_183' title='bbox 476 2350 611 2420; x_wconf 84' lang='grc' dir='ltr'><strong><em>ἐπειδὰν</em></strong></span> <span class='ocrx_word' id='word_1_184' title='bbox 636 2352 694 2442; x_wconf 83' lang='grc' dir='ltr'><strong><em>τὴν</em></strong></span> <span class='ocrx_word' id='word_1_185' title='bbox 719 2358 845 2421; x_wconf 87' lang='grc' dir='ltr'><strong><em>θυσίαν</em></strong></span> <span class='ocrx_word' id='word_1_186' title='bbox 870 2350 1151 2442; x_wconf 77' lang='grc' dir='ltr'><strong><em>ὑπερβαλώμεθα,</em></strong></span> 
     </span>
    </p>

    <p class='ocr_par' dir='ltr' id='par_1_3' title="bbox 13 2446 1188 2956">
     <span class='ocr_line' id='line_1_23' title="bbox 13 2446 1188 2547; baseline 0.001 -24"><span class='ocrx_word' id='word_1_187' title='bbox 13 2502 16 2505; x_wconf 96' lang='grc'>-</span> <span class='ocrx_word' id='word_1_188' title='bbox 116 2457 159 2543; x_wconf 73' lang='grc' dir='ltr'><strong><em>ἢν</em></strong></span> <span class='ocrx_word' id='word_1_189' title='bbox 176 2454 259 2523; x_wconf 85' lang='grc' dir='ltr'><strong><em>κατὰ</em></strong></span> <span class='ocrx_word' id='word_1_190' title='bbox 276 2454 315 2523; x_wconf 89' lang='grc' dir='ltr'><strong><em>τὸ</em></strong></span> <span class='ocrx_word' id='word_1_191' title='bbox 335 2454 407 2534; x_wconf 82' lang='grc' dir='ltr'><strong><em>ἐτος</em></strong></span> <span class='ocrx_word' id='word_1_192' title='bbox 426 2454 560 2523; x_wconf 68' lang='grc' dir='ltr'><strong><em>ἕκαστον</em></strong></span> <span class='ocrx_word' id='word_1_193' title='bbox 579 2453 669 2547; x_wconf 76' lang='grc' dir='ltr'><strong><em>αύτῷ</em></strong></span> <span class='ocrx_word' id='word_1_194' title='bbox 687 2452 844 2541; x_wconf 77' lang='grc' dir='ltr'><strong><em>θύομεν.”</em></strong></span> <span class='ocrx_word' id='word_1_195' title='bbox 870 2452 1094 2547; x_wconf 78' lang='grc' dir='ltr'><strong><em>“ύξιοῖγὰρ,”</em></strong></span> <span class='ocrx_word' id='word_1_196' title='bbox 1114 2446 1153 2543; x_wconf 80' lang='grc' dir='ltr'><strong><em>ἦν</em></strong></span> <span class='ocrx_word' id='word_1_197' title='bbox 1184 2544 1188 2547; x_wconf 26' lang='grc'>-</span> 
     </span>
     <span class='ocr_line' id='line_1_24' title="bbox 119 2554 1151 2649; baseline 0.001 -24"><span class='ocrx_word' id='word_1_198' title='bbox 119 2555 154 2625; x_wconf 75' lang='grc' dir='ltr'><strong><em>δ’</em></strong></span> <span class='ocrx_word' id='word_1_199' title='bbox 171 2556 249 2644; x_wconf 87' lang='grc' dir='ltr'><strong><em>ἐγῶ,</em></strong></span> <span class='ocrx_word' id='word_1_200' title='bbox 274 2554 356 2624; x_wconf 69' lang='lat' dir='ltr'><strong><em>“nal</em></strong></span> <span class='ocrx_word' id='word_1_201' title='bbox 374 2555 592 2647; x_wconf 80' lang='grc' dir='ltr'><strong><em>Ἱπποκράτης</em></strong></span> <span class='ocrx_word' id='word_1_202' title='bbox 612 2558 675 2649; x_wconf 80' lang='grc' dir='ltr'><strong><em>ἤδη</em></strong></span> <span class='ocrx_word' id='word_1_203' title='bbox 700 2558 718 2628; x_wconf 87' lang='grc' dir='ltr'><em>ὃ</em></span> <span class='ocrx_word' id='word_1_204' title='bbox 743 2558 855 2648; x_wconf 81' lang='grc' dir='ltr'><strong><em>ἰατρὸς</em></strong></span> <span class='ocrx_word' id='word_1_205' title='bbox 876 2561 1029 2627; x_wconf 88' lang='grc' dir='ltr'><strong><em>θύεσθαι</em></strong></span> <span class='ocrx_word' id='word_1_206' title='bbox 1051 2556 1151 2647; x_wconf 75' lang='grc' dir='ltr'><strong><em>αὐτῷ,</em></strong></span> 
     </span>
     <span class='ocr_line' id='line_1_25' title="bbox 123 2656 1153 2751; baseline 0.006 -26"><span class='ocrx_word' id='word_1_207' title='bbox 123 2663 178 2726; x_wconf 79' lang='grc' dir='ltr'><strong><em>καί</em></strong></span> <span class='ocrx_word' id='word_1_208' title='bbox 210 2656 387 2746; x_wconf 83' lang='grc' dir='ltr'><strong><em>ἀγανακτεῖ</em></strong></span> <span class='ocrx_word' id='word_1_209' title='bbox 415 2657 454 2749; x_wconf 81' lang='grc' dir='ltr'><strong><em>ἢν</em></strong></span> <span class='ocrx_word' id='word_1_210' title='bbox 483 2659 528 2749; x_wconf 82' lang='grc' dir='ltr'><strong><em>μὴ</em></strong></span> <span class='ocrx_word' id='word_1_211' title='bbox 559 2660 642 2729; x_wconf 84' lang='grc' dir='ltr'><strong><em>κατὰ</em></strong></span> <span class='ocrx_word' id='word_1_212' title='bbox 673 2661 787 2751; x_wconf 89' lang='grc' dir='ltr'><strong><em>καιρὸν</em></strong></span> <span class='ocrx_word' id='word_1_213' title='bbox 818 2659 873 2751; x_wconf 75' lang='grc' dir='ltr'><strong><em>ἐφ&gt;</em></strong></span> <span class='ocrx_word' id='word_1_214' title='bbox 895 2661 989 2749; x_wconf 76' lang='grc' dir='ltr'><strong><em>ἱερῶν</em></strong></span> <span class='ocrx_word' id='word_1_215' title='bbox 1019 2664 1153 2731; x_wconf 86' lang='grc' dir='ltr'><strong><em>τελείων</em></strong></span> 
     </span>
     <span class='ocr_line' id='line_1_26' title="bbox 120 2760 1154 2852; baseline 0.002 -23"><span class='ocrx_word' id='word_1_216' title='bbox 120 2762 285 2852; x_wconf 82' lang='grc' dir='ltr'><strong><em>ἑστιαθῇ,·</em></strong></span> <span class='ocrx_word' id='word_1_217' title='bbox 312 2762 350 2831; x_wconf 80' lang='grc' dir='ltr'><strong><em>δν</em></strong></span> <span class='ocrx_word' id='word_1_218' title='bbox 369 2762 437 2831; x_wconf 69' lang='grc' dir='ltr'><strong><em>ἔδει</em></strong></span> <span class='ocrx_word' id='word_1_219' title='bbox 461 2760 602 2850; x_wconf 85' lang='grc' dir='ltr'><strong><em>άγαπῦιν,</em></strong></span> <span class='ocrx_word' id='word_1_220' title='bbox 627 2765 660 2832; x_wconf 75' lang='grc' dir='ltr'><strong><em>εἴ</em></strong></span> <span class='ocrx_word' id='word_1_221' title='bbox 678 2792 729 2845; x_wconf 86' lang='grc' dir='ltr'><strong><em>τις</em></strong></span> <span class='ocrx_word' id='word_1_222' title='bbox 753 2764 928 2852; x_wconf 75' lang='grc' dir='ltr'><strong><em>ἐναγίσειεν</em></strong></span> <span class='ocrx_word' id='word_1_223' title='bbox 951 2761 1039 2851; x_wconf 77' lang='grc' dir='ltr'><strong><em>αὐτῷ</em></strong></span> <span class='ocrx_word' id='word_1_224' title='bbox 1058 2760 1079 2852; x_wconf 78' lang='grc' dir='ltr'><em>ἢ</em></span> <span class='ocrx_word' id='word_1_225' title='bbox 1096 2788 1154 2848; x_wconf 78' lang='grc' dir='ltr'><strong><em>με·</em></strong></span> 
     </span>
     <span class='ocr_line' id='line_1_27' title="bbox 119 2864 1064 2956; baseline 0.002 -24"><span class='ocrx_word' id='word_1_226' title='bbox 119 2869 274 2956; x_wconf 85' lang='grc' dir='ltr'><strong><em>λίκρατον</em></strong></span> <span class='ocrx_word' id='word_1_227' title='bbox 293 2865 517 2935; x_wconf 73' lang='grc' dir='ltr'><strong><em>ἐπισπείσειεν</em></strong></span> <span class='ocrx_word' id='word_1_228' title='bbox 536 2864 557 2955; x_wconf 79' lang='grc' dir='ltr'><strong><em>ἢ</em></strong></span> <span class='ocrx_word' id='word_1_229' title='bbox 575 2868 799 2956; x_wconf 88' lang='grc' dir='ltr'><strong><em>στεφανώσειε</em></strong></span> <span class='ocrx_word' id='word_1_230' title='bbox 816 2866 872 2955; x_wconf 78' lang='grc' dir='ltr'><strong><em>τὴν</em></strong></span> <span class='ocrx_word' id='word_1_231' title='bbox 891 2864 1064 2956; x_wconf 77' lang='grc' dir='ltr'><strong><em>κεφαλήν.”</em></strong></span> 
     </span>
    </p>

    <p class='ocr_par' dir='ltr' id='par_1_4' title="bbox 116 2964 1204 3469">
     <span class='ocr_line' id='line_1_28' title="bbox 166 2964 1204 3058; baseline 0.004 -21"><span class='ocrx_word' id='word_1_232' title='bbox 166 2964 299 3043; x_wconf 60' lang='grc' dir='ltr'><strong><em>αἔτ’ίκσυε</em></strong></span> <span class='ocrx_word' id='word_1_233' title='bbox 316 2964 454 3049; x_wconf 78' lang='grc' dir='ltr'><strong><em>τοίνυν,”</em></strong></span> <span class='ocrx_word' id='word_1_234' title='bbox 479 2969 542 3058; x_wconf 79' lang='grc' dir='ltr'><strong><em>’ἐφη</em></strong></span> <span class='ocrx_word' id='word_1_235' title='bbox 563 2967 580 3036; x_wconf 86' lang='grc' dir='ltr'><em>ὃ</em></span> <span class='ocrx_word' id='word_1_236' title='bbox 598 2968 782 3058; x_wconf 76' lang='grc' dir='ltr'><strong><em>Εὐκράτης,</em></strong></span> <span class='ocrx_word' id='word_1_237' title='bbox 803 2968 923 3038; x_wconf 82' lang='grc' dir='ltr'><strong><em>“τοῦτο</em></strong></span> <span class='ocrx_word' id='word_1_238' title='bbox 941 2971 1000 3056; x_wconf 76' lang='grc' dir='ltr'><strong><em>μὲν</em></strong></span> <span class='ocrx_word' id='word_1_239' title='bbox 1021 2973 1077 3038; x_wconf 81' lang='grc' dir='ltr'><strong><em>καὶ</em></strong></span> <span class='ocrx_word' id='word_1_240' title='bbox 1096 2968 1153 3037; x_wconf 73' lang='grc' dir='ltr'><strong><em>ἐπὶ</em></strong></span> <span class='ocrx_word' id='word_1_241' title='bbox 1171 2990 1204 3041; x_wconf 77' lang='lat'><strong><em>22</em></strong></span> 
     </span>
     <span class='ocr_line' id='line_1_29' title="bbox 117 3069 1163 3161; baseline -0.002 -19"><span class='ocrx_word' id='word_1_242' title='bbox 117 3071 304 3160; x_wconf 77' lang='grc' dir='ltr'><strong><em>μαρτύριον,</em></strong></span> <span class='ocrx_word' id='word_1_243' title='bbox 329 3070 347 3137; x_wconf 81' lang='grc' dir='ltr'><strong><em>δ</em></strong></span> <span class='ocrx_word' id='word_1_244' title='bbox 367 3069 433 3158; x_wconf 88' lang='grc' dir='ltr'><strong><em>πρὸ</em></strong></span> <span class='ocrx_word' id='word_1_245' title='bbox 453 3070 533 3141; x_wconf 79' lang='grc' dir='ltr'><strong><em>ἐτ’ῶν</em></strong></span> <span class='ocrx_word' id='word_1_246' title='bbox 556 3079 654 3140; x_wconf 86' lang='grc' dir='ltr'><strong><em>πέντε</em></strong></span> <span class='ocrx_word' id='word_1_247' title='bbox 676 3071 774 3140; x_wconf 79' lang='grc' dir='ltr'><strong><em>εἶδον.</em></strong></span> <span class='ocrx_word' id='word_1_248' title='bbox 813 3072 963 3160; x_wconf 82' lang='grc' dir='ltr'><strong><em>ἐτύγχανε</em></strong></span> <span class='ocrx_word' id='word_1_249' title='bbox 985 3075 1043 3157; x_wconf 78' lang='grc' dir='ltr'><strong><em>μὲν</em></strong></span> <span class='ocrx_word' id='word_1_250' title='bbox 1065 3069 1163 3161; x_wconf 50' lang='grc' dir='ltr'><strong><em>ἀμφὶ,</em></strong></span> 
     </span>
     <span class='ocr_line' id='line_1_30' title="bbox 116 3171 1154 3263; baseline -0.001 -22"><span class='ocrx_word' id='word_1_251' title='bbox 116 3171 278 3262; x_wconf 86' lang='grc' dir='ltr'><strong><em>τρυγητὸν</em></strong></span> <span class='ocrx_word' id='word_1_252' title='bbox 299 3171 337 3241; x_wconf 87' lang='grc' dir='ltr'><strong><em>τὸ</em></strong></span> <span class='ocrx_word' id='word_1_253' title='bbox 362 3172 503 3256; x_wconf 54' lang='lat' dir='ltr'><strong><em>&amp;og-Bw,</em></strong></span> <span class='ocrx_word' id='word_1_254' title='bbox 532 3174 596 3262; x_wconf 75' lang='grc' dir='ltr'><strong><em>ἐγώ</em></strong></span> <span class='ocrx_word' id='word_1_255' title='bbox 620 3177 656 3241; x_wconf 84' lang='grc' dir='ltr'><strong><em>δέ</em></strong></span> <span class='ocrx_word' id='word_1_256' title='bbox 678 3173 768 3263; x_wconf 79' lang='grc' dir='ltr'><strong><em>ἀμφὶ</em></strong></span> <span class='ocrx_word' id='word_1_257' title='bbox 788 3173 846 3242; x_wconf 87' lang='grc' dir='ltr'><strong><em>τὸν</em></strong></span> <span class='ocrx_word' id='word_1_258' title='bbox 869 3172 968 3263; x_wconf 83' lang='grc' dir='ltr'><strong><em>ἀγρὸν</em></strong></span> <span class='ocrx_word' id='word_1_259' title='bbox 988 3175 1154 3262; x_wconf 88' lang='grc' dir='ltr'><strong><em>μεσούσης</em></strong></span> 
     </span>
     <span class='ocr_line' id='line_1_31' title="bbox 118 3273 1181 3365; baseline 0 -20"><span class='ocrx_word' id='word_1_260' title='bbox 118 3283 178 3364; x_wconf 80' lang='grc' dir='ltr'><strong><em>τῆς</em></strong></span> <span class='ocrx_word' id='word_1_261' title='bbox 201 3273 326 3365; x_wconf 79' lang='grc' dir='ltr'><strong><em>ἡμέρας</em></strong></span> <span class='ocrx_word' id='word_1_262' title='bbox 347 3283 532 3363; x_wconf 78' lang='grc' dir='ltr'><strong><em>τρυγῶντας</em></strong></span> <span class='ocrx_word' id='word_1_263' title='bbox 551 3275 648 3365; x_wconf 84' lang='grc' dir='ltr'><strong><em>άφείς</em></strong></span> <span class='ocrx_word' id='word_1_264' title='bbox 669 3275 746 3356; x_wconf 85' lang='grc' dir='ltr'><strong><em>τοῦς</em></strong></span> <span class='ocrx_word' id='word_1_265' title='bbox 769 3276 907 3365; x_wconf 83' lang='grc' dir='ltr'><strong><em>ἐργάτας</em></strong></span> <span class='ocrx_word' id='word_1_266' title='bbox 928 3275 996 3344; x_wconf 79' lang='grc' dir='ltr'><strong><em>κατ’</em></strong></span> <span class='ocrx_word' id='word_1_267' title='bbox 1013 3275 1154 3363; x_wconf 72' lang='grc' dir='ltr'><strong><em>ἐμαυτὸν</em></strong></span> <span class='ocrx_word' id='word_1_268' title='bbox 1178 3302 1181 3314; x_wconf 92' lang='grc'><strong><em>·</em></strong></span> 
     </span>
     <span class='ocr_line' id='line_1_32' title="bbox 119 3375 1155 3469; baseline 0 -22"><span class='ocrx_word' id='word_1_269' title='bbox 119 3380 154 3458; x_wconf 78' lang='grc' dir='ltr'><strong><em>ἐς</em></strong></span> <span class='ocrx_word' id='word_1_270' title='bbox 179 3378 240 3467; x_wconf 73' lang='grc' dir='ltr'><strong><em>τὴν</em></strong></span> <span class='ocrx_word' id='word_1_271' title='bbox 266 3375 344 3467; x_wconf 82' lang='grc' dir='ltr'><strong><em>ύλην</em></strong></span> <span class='ocrx_word' id='word_1_272' title='bbox 366 3376 500 3468; x_wconf 77' lang='grc' dir='ltr'><strong><em>ἀπῄειν,</em></strong></span> <span class='ocrx_word' id='word_1_273' title='bbox 527 3380 648 3466; x_wconf 80' lang='grc' dir='ltr'><strong><em>μεταξὺ</em></strong></span> <span class='ocrx_word' id='word_1_274' title='bbox 672 3379 853 3469; x_wconf 85' lang='grc' dir='ltr'><strong><em>φροντίζων</em></strong></span> <span class='ocrx_word' id='word_1_275' title='bbox 878 3406 912 3446; x_wconf 92' lang='grc' dir='ltr'><strong><em>τι</em></strong></span> <span class='ocrx_word' id='word_1_276' title='bbox 933 3383 988 3447; x_wconf 82' lang='grc' dir='ltr'><strong><em>καλ</em></strong></span> <span class='ocrx_word' id='word_1_277' title='bbox 1014 3375 1155 3448; x_wconf 82' lang='grc' dir='ltr'><strong><em>άνασκσ-</em></strong></span> 
     </span>
    </p>
   </div>
   <div class='ocr_carea' id='block_1_2' title="bbox 52 3474 1215 4087">
    <p class='ocr_par' dir='ltr' id='par_1_5' title="bbox 52 3474 1215 4087">
     <span class='ocr_line' id='line_1_33' title="bbox 52 3474 1154 3573; baseline 0.003 -25"><span class='ocrx_word' id='word_1_278' title='bbox 52 3524 59 3531; x_wconf 87' lang='grc'><strong>-</strong></span> <span class='ocrx_word' id='word_1_279' title='bbox 117 3483 296 3567; x_wconf 88' lang='grc' dir='ltr'><strong><em>πσύμενος.</em></strong></span> <span class='ocrx_word' id='word_1_280' title='bbox 337 3481 410 3550; x_wconf 83' lang='grc' dir='ltr'><strong><em>ἐπεὶ</em></strong></span> <span class='ocrx_word' id='word_1_281' title='bbox 435 3480 466 3549; x_wconf 78' lang='grc' dir='ltr'><strong><em>δ’</em></strong></span> <span class='ocrx_word' id='word_1_282' title='bbox 483 3482 516 3550; x_wconf 79' lang='grc' dir='ltr'><strong><em>ἐν</em></strong></span> <span class='ocrx_word' id='word_1_283' title='bbox 538 3491 585 3570; x_wconf 78' lang='grc' dir='ltr'><strong><em>τῶ</em></strong></span> <span class='ocrx_word' id='word_1_284' title='bbox 609 3498 785 3573; x_wconf 87' lang='grc' dir='ltr'><strong><em>συνηρεφεῖ</em></strong></span> <span class='ocrx_word' id='word_1_285' title='bbox 804 3474 851 3571; x_wconf 78' lang='grc' dir='ltr'><strong><em>ἦν,</em></strong></span> <span class='ocrx_word' id='word_1_286' title='bbox 878 3481 917 3551; x_wconf 88' lang='grc' dir='ltr'><strong><em>τὸ</em></strong></span> <span class='ocrx_word' id='word_1_287' title='bbox 939 3484 998 3568; x_wconf 82' lang='grc' dir='ltr'><strong><em>μὲν</em></strong></span> <span class='ocrx_word' id='word_1_288' title='bbox 1019 3489 1154 3573; x_wconf 90' lang='grc' dir='ltr'><strong><em>πρῶτον</em></strong></span> 
     </span>
     <span class='ocr_line' id='line_1_34' title="bbox 116 3580 1151 3676; baseline -0.002 -24"><span class='ocrx_word' id='word_1_289' title='bbox 116 3580 267 3672; x_wconf 85' lang='grc' dir='ltr'><strong><em>ῦλαγμὸς</em></strong></span> <span class='ocrx_word' id='word_1_290' title='bbox 285 3585 409 3671; x_wconf 80' lang='grc' dir='ltr'><strong><em>ἐγένετο</em></strong></span> <span class='ocrx_word' id='word_1_291' title='bbox 428 3592 539 3668; x_wconf 89' lang='grc' dir='ltr'><strong><em>κυνῶν,</em></strong></span> <span class='ocrx_word' id='word_1_292' title='bbox 563 3583 651 3673; x_wconf 85' lang='grc' dir='ltr'><strong><em>κύγῶ</em></strong></span> <span class='ocrx_word' id='word_1_293' title='bbox 669 3583 787 3676; x_wconf 81' lang='grc' dir='ltr'><strong><em>ᾔκαζον</em></strong></span> <span class='ocrx_word' id='word_1_294' title='bbox 804 3587 970 3654; x_wconf 87' lang='grc' dir='ltr'><strong><em>Μνάσωνα</em></strong></span> <span class='ocrx_word' id='word_1_295' title='bbox 991 3583 1048 3653; x_wconf 86' lang='grc' dir='ltr'><strong><em>τὸν</em></strong></span> <span class='ocrx_word' id='word_1_296' title='bbox 1069 3583 1151 3665; x_wconf 83' lang='grc' dir='ltr'><strong><em>υἱὸν,</em></strong></span> 
     </span>
     <span class='ocr_line' id='line_1_35' title="bbox 117 3683 1154 3778; baseline -0.001 -25"><span class='ocrx_word' id='word_1_297' title='bbox 117 3683 236 3776; x_wconf 81' lang='grc' dir='ltr'><strong><em>ῶσπερ</em></strong></span> <span class='ocrx_word' id='word_1_298' title='bbox 255 3688 389 3769; x_wconf 76' lang='grc' dir='ltr'><strong><em>εἰώθει,</em></strong></span> <span class='ocrx_word' id='word_1_299' title='bbox 412 3688 542 3770; x_wconf 86' lang='grc' dir='ltr'><strong><em>παίζειν</em></strong></span> <span class='ocrx_word' id='word_1_300' title='bbox 559 3692 615 3756; x_wconf 89' lang='grc' dir='ltr'><strong><em>καὶ</em></strong></span> <span class='ocrx_word' id='word_1_301' title='bbox 632 3702 813 3778; x_wconf 86' lang='grc' dir='ltr'><strong><em>κυνηγετεῖν</em></strong></span> <span class='ocrx_word' id='word_1_302' title='bbox 831 3688 864 3767; x_wconf 79' lang='grc' dir='ltr'><strong><em>ἐς</em></strong></span> <span class='ocrx_word' id='word_1_303' title='bbox 881 3687 919 3755; x_wconf 83' lang='grc' dir='ltr'><strong><em>τὸ</em></strong></span> <span class='ocrx_word' id='word_1_304' title='bbox 938 3688 1053 3754; x_wconf 90' lang='grc' dir='ltr'><strong><em>λάσιον</em></strong></span> <span class='ocrx_word' id='word_1_305' title='bbox 1069 3684 1154 3769; x_wconf 85' lang='grc' dir='ltr'><strong><em>μετὰ</em></strong></span> 
     </span>
     <span class='ocr_line' id='line_1_36' title="bbox 115 3785 1154 3879; baseline -0.001 -21"><span class='ocrx_word' id='word_1_306' title='bbox 115 3797 185 3858; x_wconf 89' lang='grc' dir='ltr'><strong><em>τῶν</em></strong></span> <span class='ocrx_word' id='word_1_307' title='bbox 203 3788 387 3878; x_wconf 73' lang='grc' dir='ltr'><strong><em>ἡλικιωτῶν</em></strong></span> <span class='ocrx_word' id='word_1_308' title='bbox 405 3792 629 3879; x_wconf 86' lang='grc' dir='ltr'><strong><em>παρελθόντα.</em></strong></span> <span class='ocrx_word' id='word_1_309' title='bbox 656 3790 695 3860; x_wconf 88' lang='grc' dir='ltr'><strong><em>τὸ</em></strong></span> <span class='ocrx_word' id='word_1_310' title='bbox 715 3788 746 3858; x_wconf 79' lang='grc' dir='ltr'><strong><em>δ’</em></strong></span> <span class='ocrx_word' id='word_1_311' title='bbox 759 3788 817 3859; x_wconf 86' lang='grc' dir='ltr'><strong><em>οῦκ</em></strong></span> <span class='ocrx_word' id='word_1_312' title='bbox 835 3786 918 3871; x_wconf 81' lang='grc' dir='ltr'><strong><em>εἶχεν</em></strong></span> <span class='ocrx_word' id='word_1_313' title='bbox 935 3785 1049 3868; x_wconf 76' lang='grc' dir='ltr'><strong><em>οὕτως,</em></strong></span> <span class='ocrx_word' id='word_1_314' title='bbox 1069 3785 1154 3857; x_wconf 79' lang='grc' dir='ltr'><strong><em>ἀλλὰ</em></strong></span> 
     </span>
     <span class='ocr_line' id='line_1_37' title="bbox 115 3887 1215 3981; baseline 0.002 -22"><span class='ocrx_word' id='word_1_315' title='bbox 115 3890 188 3979; x_wconf 74' lang='grc' dir='ltr'><strong><em>μετ’</em></strong></span> <span class='ocrx_word' id='word_1_316' title='bbox 201 3890 312 3980; x_wconf 82' lang='grc' dir='ltr'><strong><em>ὀλίγον</em></strong></span> <span class='ocrx_word' id='word_1_317' title='bbox 327 3901 465 3978; x_wconf 81' lang='grc' dir='ltr'><strong><em>σεισμοῦ</em></strong></span> <span class='ocrx_word' id='word_1_318' title='bbox 478 3920 567 3974; x_wconf 88' lang='grc' dir='ltr'><strong><em>τινος</em></strong></span> <span class='ocrx_word' id='word_1_319' title='bbox 579 3897 751 3981; x_wconf 78' lang='grc' dir='ltr'><strong><em>γενομένου</em></strong></span> <span class='ocrx_word' id='word_1_320' title='bbox 766 3894 821 3958; x_wconf 83' lang='grc' dir='ltr'><strong><em>καὶ</em></strong></span> <span class='ocrx_word' id='word_1_321' title='bbox 834 3896 914 3978; x_wconf 79' lang='grc' dir='ltr'><strong><em>βοῆς</em></strong></span> <span class='ocrx_word' id='word_1_322' title='bbox 927 3887 998 3957; x_wconf 79' lang='grc' dir='ltr'><strong><em>οἷον</em></strong></span> <span class='ocrx_word' id='word_1_323' title='bbox 1012 3889 1046 3957; x_wconf 76' lang='grc' dir='ltr'><strong><em>ἐκ</em></strong></span> <span class='ocrx_word' id='word_1_324' title='bbox 1057 3897 1154 3981; x_wconf 89' lang='grc' dir='ltr'><strong><em>βρον-</em></strong></span> <span class='ocrx_word' id='word_1_325' title='bbox 1211 3948 1215 3961; x_wconf 47' lang='grc' dir='ltr'><strong><em>ι</em></strong></span> 
     </span>
     <span class='ocr_line' id='line_1_38' title="bbox 115 3990 1154 4087; baseline -0.001 -24"><span class='ocrx_word' id='word_1_326' title='bbox 115 4002 176 4085; x_wconf 79' lang='grc' dir='ltr'><strong><em>τῆς</em></strong></span> <span class='ocrx_word' id='word_1_327' title='bbox 193 4008 333 4084; x_wconf 86' lang='grc' dir='ltr'><strong><em>γυναῖκα</em></strong></span> <span class='ocrx_word' id='word_1_328' title='bbox 352 3993 419 4085; x_wconf 83' lang='grc' dir='ltr'><strong><em>δρῶ</em></strong></span> <span class='ocrx_word' id='word_1_329' title='bbox 437 4004 642 4087; x_wconf 87' lang='grc' dir='ltr'><strong><em>προσιοῦσαν</em></strong></span> <span class='ocrx_word' id='word_1_330' title='bbox 656 3993 812 4085; x_wconf 85' lang='grc' dir='ltr'><strong><em>φοβερὰν,</em></strong></span> <span class='ocrx_word' id='word_1_331' title='bbox 831 3990 1066 4084; x_wconf 79' lang='grc' dir='ltr'><strong><em>ἡμισταδιαίαν</em></strong></span> <span class='ocrx_word' id='word_1_332' title='bbox 1081 4020 1154 4078; x_wconf 90' lang='grc' dir='ltr'><strong><em>σχε-</em></strong></span> 
     </span>
    </p>
   </div>
   <div class='ocr_carea' id='block_1_3' title="bbox 0 0 1378 4572">
    <p class='ocr_par' dir='ltr' id='par_1_6' title="bbox 0 0 1378 4572">
     <span class='ocr_line' id='line_1_39' title="bbox 0 0 1378 4572; baseline 0 0"><span class='ocrx_word' id='word_1_333' title='bbox 0 0 1378 4572; x_wconf 95' lang='lat' dir='ltr'><strong><em> </em></strong></span> 
     </span>
    </p>
   </div>
  </div>
 </body>
</html>
