2792 4580
229 228 295 303 276
427 296 431 304 ,
618 230 875 319 Λονειοκοη

163 372 168 384 ’
231 344 271 415 ἀν
287 351 380 413 θεῶν
398 339 578 428 ἀγνοοῦντα
597 343 753 421 παύσειε,
778 342 917 428 πλήκγε
936 336 1145 409 ῦίίπόλλων.
1181 341 1264 423 μάν.
1379 352 1381 355 ’

230 448 361 535 τεόεται
379 453 456 532 γοῦν
475 440 596 523 ἐκεῖνος
613 451 701 512 πᾶσι
718 457 789 523 τοῖς
808 443 972 531 δρωτιῦσι,
997 442 1037 513 σδ
1056 444 1094 513 δὲ
1112 440 1190 513 οῦδὲ
1207 443 1270 517 τὸν

229 550 469 634 μαντευόμενον
486 548 695 632 κατενόησας.

281 667 366 723 ΣΟΛ.
401 651 458 717 M&
476 650 553 729 τοὺς
571 649 684 727 θεοὺς,
705 646 743 714 οῦ
762 674 823 734 γαρ
843 647 982 732 ἔμαθον.
1016 661 1020 664 ’

281 769 366 823 ΛΥΚ.
401 754 445 819 Εἰ
464 749 529 838 ἀρα
546 749 623 818 καθ’
639 750 687 830 είς
705 752 865 821 λανθάνει
883 774 921 818 σε
939 750 1096 836 περιιώνς

282 866 366 925 ΣΟΛ.
399 851 543 922 Ἐοίκασί
559 881 605 939 γε.
1187 848 1189 853 ’

281 974 367 1031 ΛΥΚ.
399 954 428 1025 ‘0
447 959 483 1023 δὲ
500 953 577 1022 καθ’
593 955 641 1035 εἷς
659 963 733 1033 πῶς
749 958 941 1043 παρῆλθενς

281 1075 367 1129 ΣΟΛ
405 1056 486 1126 Οῦδὲ
504 1066 603 1125 τοῦτο
622 1058 761 1142 ἔμαθον.

281 1178 366 1232 ΛΥΚ.
404 1159 514 1229 Οἶσθα
533 1163 570 1226 δέ
586 1187 660 1227 τινα
677 1160 937 1247 μνηστευόμενον
956 1156 1046 1246 αῦτηῦ
1063 1159 1187 1246 γάμους

280 1281 365 1335 ΣΟΛ.
380 1250 388 1261 ⁵
405 1271 443 1331 Τί
461 1254 518 1329 οῦν
536 1270 652 1345 τοῦτο,·

280 1390 365 1444 ΛΥΚ
393 1371 460 1442 “On
479 1376 672 1455 σολοικίζειν
687 1372 806 1461 ἀνάγκη
821 1374 878 1442 τδν
889 1373 1148 1471 μνηστευόμενον
1162 1370 1266 1459 αὑτηί.

163 1568 169 1574 ,
280 1501 366 1555 ΣΟΛ.
406 1493 444 1553 Τί
468 1477 523 1553 οῦν
546 1485 633 1574 πρὸς
649 1483 772 1571 τοῦμδν
790 1493 942 1574 πρᾶγμα,
967 1485 997 1562 εἰ
1020 1485 1195 1566 σολοικίζει
1212 1510 1267 1564 τις

229 1589 508 1676 μνηστευόμενοςς
690 1596 694 1613 ’
889 1590 899 1609 ’

281 1715 365 1767 ΛΥΚ.
394 1696 460 1765 ‘Du
479 1696 592 1784 ἀγνοεῖ
608 1695 625 1764 ὁ
641 1699 778 1785 φάσκων
792 1699 936 1765 εἰδέναι..
950 1701 1006 1764 καὶ
1020 1705 1118 1763 τοῦτο
1132 1699 1191 1780 μὲν
1207 1694 1264 1764 οῦ-

227 1825 296 1877 τως
310 1799 388 1881 ἔχει·
409 1801 438 1866 εί
457 1802 493 1865 δέ
510 1827 562 1879 τις
580 1803 668 1885 λέγοι
687 1826 742 1867 σοι
761 1798 946 1886 παρελθὼν.
961 1797 1005 1878 ιῦς
1024 1798 1188 1866 ἀπολίποι
1206 1799 1265 1887 τὴν

228 1915 374 1988 γυναῖκα,
395 1894 444 1989 ἀρ’
462 1901 501 1968 ἀν
521 1903 714 1987 ἐπιτρέποις
732 1901 860 1990 αῦτιῦ;.,

263 2028 265 2033 “
281 2028 366 2082 ΣΟΛ.
385 1998 443 2080 'Ti
459 2011 521 2101 γὰρ
541 2011 598 2079 οῦκ
610 2010 656 2080 ἀν
671 2012 895 2100 ἐπιτρέποιμι,
916 2012 951 2079 εἰ·
960 2019 1113 2100 φαίνοιτο
1129 2010 1264 2079 ἀδικοῦ-

229 2139 343 2199 wo&
1064 2124 1068 2131 ’

279 2242 365 2297 ΛΥΚ.
400 2227 444 2294 Εἰ
463 2228 499 2293 δὲ
518 2227 709 2308 σολοικίζων
723 2232 887 2315 φαίνοιτο,
908 2210 1101 2314 ἒπίτρέποις
1120 2223 1158 2292 ἀν
1175 2225 1263 2313 αῦτηῦ

227 2324 347 2411 καύτός

281 2456 366 2510 ΣΟΛ.
405 2436 467 2506 Οῦκ
486 2438 596 2525 ἔγωγε.

280 2566 365 2621 ΛΥΚ.
397 2547 522 2634 Ὀρθιῦς
544 2549 605 2636 γὰρ
624 2553 742 2636 λέγεις·
767 2548 804 2616 οῦ
828 2548 888 2636 γὰρ
913 2548 1129 2636 ἐπιτρεπτέον
1152 2552 1266 2617 σολοι-

228 2653 349 2734 κίζοντι
362 2659 409 2738 τηῦ
425 2655 522 2739 φίλην,
543 2650 625 2719 ἀλλὰ
641 2655 807 2719 διδακτέον
823 2649 916 2731 ἀπιος
929 2660 1027 2719 τοῦτο
1041 2653 1085 2741 μη
1101 2660 1264 2720 πείσεται.
1378 2680 1379 2713 1

228 2758 284 2822 καὶ
298 2755 331 2821 εί
341 2761 392 2833 τίς
404 2778 440 2840 γε
453 2761 507 2820 νῦν
524 2751 652 2843 ψοφοίη
667 2756 724 2841 τὴν
739 2756 847 2843 θύραν
856 2746 974 2822 ἐίσιιῦν
988 2753 1008 2843 ἢ
1023 2755 1117 2836 ἐξιὼν
1131 2757 1263 2836 κόπτοι,

229 2864 263 2924 τί
281 2858 430 2945 φήσομέν
450 2881 486 2922 σε
504 2864 730 2940 πεπονθέναι,·

281 2983 366 3036 ΣΟΛ.
386 2964 459 3050 Ἐμδ
472 2969 531 3052 μὲν
546 2967 649 3050 οῦδὲν,
667 2968 786 3036 ἐκεῖνον
802 2970 837 3035 δὲ
853 2967 1062 3036 ἐπεισελθεῖν
1074 2970 1265 3063 βούλεσθαι

228 3066 401 3154 ἢίξιέυαι.

279 3195 364 3249 ΛΥΚ.
397 3181 443 3263 4Σὲ
458 3182 493 3247 δὲ
507 3179 685 3268 ἀγνοοῦντα
699 3179 756 3248 τὸν
769 3183 934 3250 κόπτοντα
948 3179 968 3269 ἢ
985 3188 1160 3270 ψοφοῦντα
1170 3168 1266 3248 οῦδὲν

228 3277 315 3362 δλως
332 3290 540 3350 πεπονθέναι
560 3285 696 3367 δόξομεν
715 3282 916 3353 ἀπαίδευτον
936 3284 1031 3367 όντα,·

280 3411 365 3465 ΣΟΛ.
397 3392 563 3483 Ὑβριστὴς
582 3392 621 3462 εί.
902 3387 909 3408 ’

279 3522 364 3575 ΔΥΚ.
404 3512 441 3572 Τί
458 3509 578 3591 λέγεις,
601 3502 756 3593 ὑβριστὴς
779 3506 841 3592 ἐγὼ
864 3513 919 3573 νῦν
943 3506 982 3593 δη
1005 3506 1186 3592 γενήσομαί
1208 3531 1264 3573 σοι

229 3611 474 3695 διαλεγόμενοςς
502 3607 593 3674 ἔοικα
616 3609 651 3675 δὲ
675 3613 859 3676 σολοικίσαι
876 3610 915 3677 τὸ
937 3617 991 3676 νῦν
1015 3608 1053 3695 δι’]
1072 3610 1262 3696 γενήσομαι,

230 3710 270 3779 σὺ
290 3710 320 3777 δ’
339 3708 398 3777 οάκ
417 3711 525 3797 ἔγνως.

178 3843 211 3891 10
281 3838 365 3893 ΣΟΛ.
401 3831 533 3890 Παῦσαι
551 3824 637 3908 πρὸς
654 3832 712 3911 ’τῆς
726 3820 875 3909 Ῐίθηνᾶς.
913 3823 980 3891 ἀλλ’
999 3825 1074 3891 εἶπέ
1095 3852 1127 3891 τι
1149 3830 1264 3891 τοιοῦ-

108 3918 116 3927 ’
227 3949 284 3990 τον
303 3922 388 3992 ὥστε
406 3924 489 4008 κάμὲ
506 3936 641 4008 μαθεῖν.
1057 3948 1059 3955 “

280 4042 365 4097 ΛΥΚ
400 4033 466 4094 Καὶ
483 4037 557 4108 πιῦς
575 4028 614 4096 ἀν
631 4032 776 4113 μάθοιςς
