2748 4572
202 196 248 262 72
593 201 850 258 ΔΟΥΚΙΑΝΟΥ

258 358 686 506 ΨΕΥΔΟΛΟΓΙΣΤλῘΣ
712 436 749 502 Η
775 435 903 507 ΠΕΡΙ
928 435 1028 502 ΤΗΣ
1054 433 1188 527 Ano.
1226 470 1230 477 «

174 542 191 575 ²
246 572 249 581 ·
384 548 583 616 ΦΡΑΔΟΣ
609 546 749 614 ΚΑΤΑ
773 546 1061 615 ΤΙΜΑΡΧΟΥ.

168 746 184 793 1
252 719 336 791 Ἀλλ’
356 718 410 790 ότι
433 722 492 805 μὲν
517 719 645 809 ἠγνόεις
671 715 816 803 τοόνομα
840 717 898 806 τὴν
925 715 1110 807 ἀποφράδα
1136 725 1241 790 παντί

202 850 270 894 που
299 827 407 915 δῆλον.
451 830 527 902 πῶς
547 821 610 911 γὰρ
633 819 673 889 ἀν
699 818 783 911 ᾐτιῶ
808 821 976 908 βάρβαρον
1002 818 1088 889 εἶναί
1112 847 1155 908 με
1177 821 1240 911 τὴν

204 927 316 1017 φωνην
334 924 386 995 ἐπ’
398 922 502 1014 αότῷ,
516 925 664 994 ἐἰπόντα
680 921 767 1013 δπδρ
784 926 845 992 σοῦ
864 921 909 1004 ιδς
927 922 1104 1014 ἀποφράδι
1121 921 1252 1011 ὅμοιος,
1292 1004 1295 1005 ⁷

204 1031 274 1119 ε’ίης
292 1064 334 1079 -·
350 1027 408 1097 τὸν
425 1026 487 1118 γὰρ
505 1028 630 1118 τρόπον
649 1052 708 1095 σου
726 1026 764 1115 νὴ
778 1033 844 1095 Δία
861 1033 1027 1116 μέμνημαι
1045 1028 1179 1107 εἰκάσας
1197 1034 1239 1118 τῇ

118 1178 122 1189 f
203 1134 341 1221 τοίαότῃ
364 1128 470 1220 ἡμέρη
492 1170 534 1180 -
557 1131 587 1198 εἰ
608 1129 652 1217 μὴ
673 1133 730 1196 καί
751 1130 965 1198 παντάπασιν
988 1128 1126 1219 ἀνήκοος
1142 1122 1239 1219 ἦσθα

186 1242 262 1331 ,τοῦ
282 1234 460 1320 όνόματος;
487 1231 550 1320 ἐγὼ
570 1227 680 1321 δὲ’την
701 1233 759 1317 μὲν
781 1228 966 1321 ἀποφράδα
989 1229 1059 1301 ότι
1079 1236 1136 1300 καὶ
1156 1234 1240 1318 βοό-

202 1341 297 1406 λεται
312 1334 405 1427 εἶναι
428 1337 553 1417 διδάξω
576 1360 615 1404 σε
631 1333 747 1424 μικρὸν
769 1328 918 1420 ὕστερον·
944 1335 984 1403 τὸ
1008 1336 1044 1403 δὲ
1060 1341 1120 1404 τοῦ
1134 1333 1240 1422 Ἀρχι-

202 1441 301 1523 λόχου
322 1439 423 1507 ἰκεῐνο
442 1435 504 1526 ἤδη
523 1461 579 1504 σοι
595 1440 694 1524 λέγεν,
719 1433 771 1504 ότι
787 1443 919 1524 τέττιγα
936 1443 996 1509 τοῦ
1017 1445 1141 1527 πτεροῦ
1161 1463 1239 1506 συν-

202 1547 358 1631 είληφας·
382 1540 476 1628 εἰπερ
493 1538 567 1608 τινὰ
589 1537 730 1626 ποιητὴν
749 1539 877 1624 ἰάμβων
900 1537 1031 1619 ἀκούεις
1043 1536 1236 1629 Ἀρχίλοχον,

202 1645 330 1732 Πάριον
352 1642 390 1710 τδ
413 1647 518 1728 γένος,
543 1636 649 1727 ἀνδρα
663 1643 782 1729 κομιδῇ
801 1640 975 1730 ἐλεύθερον
993 1645 1049 1708 καὶ
1065 1649 1239 1732 παρρησίηι
1294 1679 1301 1692 ‚

204 1742 361 1824 συνόντα,
381 1745 491 1831 μηδὲν,
504 1741 659 1811 ὀκνοῦντα
682 1742 872 1824 ὀνειδίζειν,
887 1744 917 1810 εἰ
937 1747 993 1812 καὶ
1016 1740 1070 1812 ότι
1090 1746 1239 1830 μάλιστα

203 1848 362 1935 λυπήσειν
381 1843 494 1929 ἐ’μελλε
512 1844 590 1926 τοὺς
607 1859 798 1934 περιπετεῖς
820 1845 994 1930 ἑπομένους
1015 1853 1056 1937 τῇ
1070 1850 1152 1937 χολῇ
1169 1855 1239 1915 τῶν

202 1949 334 2034 ἰάμβων
353 1944 463 2015 αὐτοῦ.
502 1948 622 2028 ἐκεῖνος
642 1955 752 2016 τοίνυν
773 1950 860 2037 πρός
881 1974 969 2028 τινος
989 1956 1056 2018 τῶν
1076 1950 1240 2020 τοιούτων

120 2066 124 2073 ’
204 2049 349 2130 ἀκοόσας
375 2058 482 2130 κακῶς
508 2057 638 2138 τέττιγα
669 2051 733 2140 ἔφη
764 2048 821 2119 τόν
849 2050 952 2141 ἀνδρα
982 2052 1153 2141 εἰληφέναι
1176 2060 1239 2122 τοῦ

201 2161 339 2242 πτεροῦ,
364 2153 499 2234 εἰκάζων
521 2153 637 2221 ἑαυτὸν
658 2161 705 2242 τῷ
727 2159 849 2241 τέττιγι
872 2152 890 2222 6
915 2152 1110 2281 Ξίρχίλοχος,
1135 2157 1239 2246 φύσει

202 2258 261 2343 μὲν
279 2252 409 2342 λάλφ”
389 2282 460 2323 οντι
477 2260 533 2322 καὶ
551 2254 626 2324 ἀνευ
645 2255 734 2335 ικνδς
749 2254 896 2346 ἀνάγκης,
918 2255 1044 2327 όπόταν
1058 2260 1095 2327 δὲ
1107 2262 1162 2326 καί
1174 2265 1238 2328 τοῦ

201 2365 325 2443 πτεροῦ
344 2320 475 2447 ληφθῇ,
498 2358 713 2447 γεγωνότερον
729 2366 862 2444 βοωντι.
894 2355 975 2455 “καί
997 2385 1038 2430 συ
1061 2358 1134 2485 δη,”
1158 2361 1235 2450 ἰφη,

198 2457 252 2526 “w
239 2452 476 2544 κακόδαιμον
499 2459 674 2549 ἄνθρωπε,
697 2490 716 2529 τ
718 2463 953 2547 ίβουλόμενος
974 2462 1114 2552 ποιητὴν
1134 2464 1237 2532 λάλον

170 2596 174 2611 =
202 2562 437 2651 παροξύνεις’
423 2566 481 2630 οπὶ
502 2562 640 2631 σεαυτὸν
663 2564 772 2643 αἰτίας
795 2565 952 2651 ζητοῦντα
974 2569 1030 2633 καί
1051 2563 1238 2647 ἀποθέσεις

166 2686 185 2737 2
202 2676 274 2743 τοῖς
290 2662 459 2750 ἰάμβοις,·”
470 2665 575 2732 ταῦτά
586 2690 640 2734 σοι
652 2671 709 2734 καὶ
722 2664 822 2747 αότὸς
836 2664 1027 2750 ἀπειλω,’
990 2693 1028 2735 ου
1041 2666 1090 2753 μδι
1102 2695 1159 2736 τον
1167 2674 1237 2737 Δία

201 2773 249 2853 τῷ
264 2763 438 2853 Ἀρχιλόχῳ
458 2767 593 2848 εἰκάζων
611 2768 751 2853 ἐμαυτόν
768 2809 813 2819 -
829 2770 956 2853 πόδενς
977 2772 1104 2840 πολλοῦ
1125 2773 1237 2857 γεκαὶ

204 2869 268 2935 δέω
286 2906 329 2917 —-
348 2871 403 2935 σοί
426 2870 466 2939 δὲ,
483 2876 586 2959 μυρία
608 2871 765 2952 συνειδὼς
788 2870 916 2957 ἰάμβων
939 2869 1017 2953 ἀξια
1037 2860 1233 2958 βεβιωμένα,

201 2968 288 3055 πρὸς
312 2966 410 3055 ἀμοι
432 2972 523 3039 δοκεῖ
544 2971 615 3041 οὐδ’
632 2971 672 3041 ἀν
690 2971 707 3042 δ
724 2972 906 3062 Ἀρχίλοχος
929 2971 1029 3053 αότδς
1051 2976 1231 3064 διαρκέσαι,

201 3076 526 3162 προσπαρακαλέσας
542 3079 598 3142 καί
614 3074 672 3144 τὸν
684 3078 870 3165 Σιμωνίδην
887 3080 942 3144 καί
959 3074 1016 3144 τὸν
1026 3073 1236 3145 Ἱππώνακτα

202 3190 379 3261 συμποιεῖν
399 3175 468 3262 μετ’
485 3174 586 3245 αὐτοῦ
608 3176 668 3246 κάν
691 3178 723 3247 ἓν
739 3205 774 3246 τι
794 3186 861 3246 τῶν
882 3178 1077 3266 προσόντων
1098 3204 1154 3247 σοι
1174 3204 1236 3246 κα-

200 3285 280 3347 κῶν·
300 3276 386 3349 οδτω
405 3280 446 3348 σό
464 3306 501 3369 γε
518 3282 643 3365 παῖδας
662 3279 834 3370 ἀπέφηνας
853 3279 885 3349 ἰν
898 3281 992 3370 πάσῃ
1005 3278 1234 3370 βδελυρίηιτὸν

163 3393 175 3401 ”
197 3378 340 3471 Ὀροδοικ
343 3385 414 3471 ίδην
435 3380 545 3450 καί
512 3410 569 3452 τον
578 3384 769 3552 ὶΛυκάμβην
789 3382 899 3450 καὶ
866 3411 923 3452 τον
943 3384 1132 3466 Βούπαλον,
1156 3381 1234 3463 τοὺς

94 3514 98 3521 ·
200 3482 270 3551 ἰκεί
256 3490 331 3552 ίνων
350 3485 499 3570 ἰάμβους.
536 3488 591 3554 καί
609 3489 694 3553 εοικε
711 3492 802 3554 θεων
824 3513 875 3566 τις
892 3486 950 3555 ἰπι
939 3482 1120 3570 χεῐλος’
1085 3498 1234 3611 αγαγεῖν
1286 3532 1297 3543 -

201 3611 258 3655 σοι
273 3567 349 3655 τότε
367 3584 423 3655 τὸν
440 3591 617 3674 γέλωνὶ
560 3588 617 3655 ἰπὶ
576 3614 672 3677 πτη
658 3585 868 3678 ἀποφράδι
884 3593 1049 3678 λεχθείσῃ,
1070 3584 1117 3666 ὥς
1134 3585 1235 3668 αὐτὸς

199 3691 259 3775 μέν
280 3697 422 3759 Σκυθῶν
445 3696 735 3813 κρταφανέστερος
749 3696 857 3778 γένοιο
883 3689 1049 3779 κομιδῇ
1029 3692 1234 3771 ἀπαίδευτος

200 3818 247 3860 ων
264 3796 320 3859 καὶ
337 3792 379 3860 τὰ
396 3791 489 3860 κσινά
507 3798 610 3860 ταῦτα
627 3791 735 3859 καὶ
699 3820 742 3860 τα
761 3792 794 3861 ἰν
811 3796 912 3862 ποσὶν
926 3791 1061 3881 ἀγνοων,
1082 3790 1182 3885 ἀρχὴν
1195 3793 1232 3860 δδ

201 3892 337 3982 ὀόλογσν
353 3896 541 3985 παράσχοις
558 3902 623 3963 τῶν
639 3878 723 3963 κατά
741 3902 802 3964 σοῦ
824 3896 930 3984 λόγων
948 3892 1043 3986 ἀνδρὶ
1065 3896 1232 3984 ἰλευθίρφ

198 4002 257 4066 καὶ
274 3997 407 4066 οἴκοθέν
425 4023 462 4067 σε
481 3994 624 4089 ἀκριβοῦς
641 3998 746 4068 εἰδότι
762 3998 818 4067 καὶ
834 4001 936 4088 μηδὲν
958 3996 1234 4087 δπσστελλομίνφ

103 4098 112 4127 Ι
