<?xml version="1.0" encoding="UTF-8"?>
<!DOCTYPE html PUBLIC "-//W3C//DTD XHTML 1.0 Transitional//EN"
    "http://www.w3.org/TR/xhtml1/DTD/xhtml1-transitional.dtd">
<html xmlns="http://www.w3.org/1999/xhtml" xml:lang="en" lang="en">
 <head>
  <title>
</title>
<meta http-equiv="Content-Type" content="text/html;charset=utf-8" />
  <meta name='ocr-system' content='tesseract 3.04.00' />
  <meta name='ocr-capabilities' content='ocr_page ocr_carea ocr_par ocr_line ocrx_word'/>
</head>
<body>
  <div class='ocr_page' id='page_1' title='image "./lucianisamosate00dindgoog_0108.png"; bbox 0 0 2782 4574; ppageno 0'>
   <div class='ocr_carea' id='block_1_1' title="bbox 318 182 1133 267">
    <p class='ocr_par' dir='ltr' id='par_1_1' title="bbox 318 182 1133 267">
     <span class='ocr_line' id='line_1_1' title="bbox 318 182 1133 267; baseline -0.001 -1"><span class='ocrx_word' id='word_1_1' title='bbox 318 211 397 267; x_wconf 69' lang='grc' dir='ltr'><strong><em>εει.</em></strong></span> <span class='ocrx_word' id='word_1_2' title='bbox 424 182 524 266; x_wconf 77' lang='grc' dir='ltr'><strong><em>σεἐι</em></strong></span> <span class='ocrx_word' id='word_1_3' title='bbox 545 208 632 266; x_wconf 75' lang='grc' dir='ltr'><strong><em>εστ</em></strong></span> <span class='ocrx_word' id='word_1_4' title='bbox 654 208 789 266; x_wconf 76' lang='lat' dir='ltr'>omor</span> <span class='ocrx_word' id='word_1_5' title='bbox 810 208 912 265; x_wconf 81' lang='lat'>9-15.</span> <span class='ocrx_word' id='word_1_6' title='bbox 1089 198 1133 265; x_wconf 76' lang='lat'><strong><em>89</em></strong></span> 
     </span>
    </p>
   </div>
   <div class='ocr_carea' id='block_1_2' title="bbox 40 306 1312 4117">
    <p class='ocr_par' dir='ltr' id='par_1_2' title="bbox 40 306 1185 1417">
     <span class='ocr_line' id='line_1_2' title="bbox 97 306 1134 410; baseline -0.001 -23"><span class='ocrx_word' id='word_1_7' title='bbox 97 318 158 410; x_wconf 76' lang='grc' dir='ltr'><strong><em>γάρ</em></strong></span> <span class='ocrx_word' id='word_1_8' title='bbox 176 312 275 406; x_wconf 83' lang='grc' dir='ltr'><strong><em>καλή</em></strong></span> <span class='ocrx_word' id='word_1_9' title='bbox 292 317 446 387; x_wconf 83' lang='grc' dir='ltr'><strong><em>θάλαττα</em></strong></span> <span class='ocrx_word' id='word_1_10' title='bbox 461 310 555 404; x_wconf 76' lang='grc' dir='ltr'><strong><em>’ἱκανή</em></strong></span> <span class='ocrx_word' id='word_1_11' title='bbox 573 306 849 402; x_wconf 75' lang='grc' dir='ltr'><strong><em>προκαλίσασθαι</em></strong></span> <span class='ocrx_word' id='word_1_12' title='bbox 870 317 927 383; x_wconf 85' lang='grc' dir='ltr'><strong><em>καλ</em></strong></span> <span class='ocrx_word' id='word_1_13' title='bbox 944 314 994 396; x_wconf 82' lang='grc' dir='ltr'><strong><em>είς</em></strong></span> <span class='ocrx_word' id='word_1_14' title='bbox 1010 315 1134 387; x_wconf 73' lang='grc' dir='ltr'><strong><em>ἐπιθυ-</em></strong></span> 
     </span>
     <span class='ocr_line' id='line_1_3' title="bbox 95 416 1133 510; baseline -0.003 -19"><span class='ocrx_word' id='word_1_15' title='bbox 95 429 174 510; x_wconf 94' lang='grc' dir='ltr'><strong><em>μίαν</em></strong></span> <span class='ocrx_word' id='word_1_16' title='bbox 202 420 467 489; x_wconf 68' lang='grc' dir='ltr'><em>ἐπισπάσασθαι</em></span> <span class='ocrx_word' id='word_1_17' title='bbox 494 418 528 487; x_wconf 81' lang='grc' dir='ltr'><strong><em>δν</em></strong></span> <span class='ocrx_word' id='word_1_18' title='bbox 553 419 673 509; x_wconf 83' lang='grc' dir='ltr'><strong><em>γαλήνη</em></strong></span> <span class='ocrx_word' id='word_1_19' title='bbox 700 433 858 508; x_wconf 76' lang='grc' dir='ltr'><strong><em>φανεῖσα,</em></strong></span> <span class='ocrx_word' id='word_1_20' title='bbox 885 420 971 500; x_wconf 81' lang='grc' dir='ltr'><strong><em>ίστε,</em></strong></span> <span class='ocrx_word' id='word_1_21' title='bbox 1002 416 1063 488; x_wconf 79' lang='grc' dir='ltr'><strong><em>κάν</em></strong></span> <span class='ocrx_word' id='word_1_22' title='bbox 1080 418 1133 508; x_wconf 80' lang='grc' dir='ltr'><strong><em>μή</em></strong></span> 
     </span>
     <span class='ocr_line' id='line_1_4' title="bbox 97 519 1135 613; baseline -0.002 -19"><span class='ocrx_word' id='word_1_23' title='bbox 97 526 199 594; x_wconf 68' lang='grc' dir='ltr'><strong><em>εἴπω·</em></strong></span> <span class='ocrx_word' id='word_1_24' title='bbox 214 519 282 606; x_wconf 84' lang='grc' dir='ltr'><strong><em>ότε,</em></strong></span> <span class='ocrx_word' id='word_1_25' title='bbox 297 523 329 591; x_wconf 86' lang='grc' dir='ltr'><strong><em>εί</em></strong></span> <span class='ocrx_word' id='word_1_26' title='bbox 340 526 396 591; x_wconf 86' lang='grc' dir='ltr'><strong><em>καλ</em></strong></span> <span class='ocrx_word' id='word_1_27' title='bbox 409 522 624 592; x_wconf 90' lang='grc' dir='ltr'><strong><em>παντάπασιν</em></strong></span> <span class='ocrx_word' id='word_1_28' title='bbox 636 519 825 612; x_wconf 79' lang='grc' dir='ltr'><strong><em>ἠπειρώτης</em></strong></span> <span class='ocrx_word' id='word_1_29' title='bbox 836 525 893 591; x_wconf 85' lang='grc' dir='ltr'><strong><em>καὶ</em></strong></span> <span class='ocrx_word' id='word_1_30' title='bbox 906 519 1135 613; x_wconf 70' lang='grc' dir='ltr'><strong><em>ἀπειρόπλους</em></strong></span> 
     </span>
     <span class='ocr_line' id='line_1_5' title="bbox 95 622 1135 717; baseline -0.001 -21"><span class='ocrx_word' id='word_1_31' title='bbox 95 653 144 708; x_wconf 86' lang='grc' dir='ltr'><strong><em>τις</em></strong></span> <span class='ocrx_word' id='word_1_32' title='bbox 162 627 228 715; x_wconf 89' lang='grc' dir='ltr'><strong><em>ε’ίη,</em></strong></span> <span class='ocrx_word' id='word_1_33' title='bbox 250 627 382 707; x_wconf 87' lang='grc' dir='ltr'><strong><em>πάντως</em></strong></span> <span class='ocrx_word' id='word_1_34' title='bbox 401 622 441 693; x_wconf 83' lang='grc' dir='ltr'><strong><em>ἀν</em></strong></span> <span class='ocrx_word' id='word_1_35' title='bbox 454 625 626 714; x_wconf 82' lang='grc' dir='ltr'><strong><em>ἐθελήσειε</em></strong></span> <span class='ocrx_word' id='word_1_36' title='bbox 638 629 694 693; x_wconf 87' lang='grc' dir='ltr'><strong><em>καλ</em></strong></span> <span class='ocrx_word' id='word_1_37' title='bbox 707 623 807 707; x_wconf 86' lang='grc' dir='ltr'><strong><em>αότὸς</em></strong></span> <span class='ocrx_word' id='word_1_38' title='bbox 820 626 957 717; x_wconf 78' lang='grc' dir='ltr'><strong><em>δμβήναι</em></strong></span> <span class='ocrx_word' id='word_1_39' title='bbox 968 630 1025 693; x_wconf 85' lang='grc' dir='ltr'><strong><em>καλ</em></strong></span> <span class='ocrx_word' id='word_1_40' title='bbox 1038 652 1135 717; x_wconf 82' lang='grc' dir='ltr'><strong><em>περι-</em></strong></span> 
     </span>
     <span class='ocr_line' id='line_1_6' title="bbox 95 725 1134 818; baseline -0.002 -19"><span class='ocrx_word' id='word_1_41' title='bbox 95 734 244 801; x_wconf 91' lang='grc' dir='ltr'><strong><em>πλεῦσαι</em></strong></span> <span class='ocrx_word' id='word_1_42' title='bbox 260 732 316 797; x_wconf 82' lang='grc' dir='ltr'><strong><em>καί</em></strong></span> <span class='ocrx_word' id='word_1_43' title='bbox 333 727 420 796; x_wconf 81' lang='grc' dir='ltr'><strong><em>πολὺ</em></strong></span> <span class='ocrx_word' id='word_1_44' title='bbox 439 725 509 797; x_wconf 88' lang='grc' dir='ltr'><strong><em>ἀπὸ</em></strong></span> <span class='ocrx_word' id='word_1_45' title='bbox 527 735 585 818; x_wconf 89' lang='grc' dir='ltr'><strong><em>τής</em></strong></span> <span class='ocrx_word' id='word_1_46' title='bbox 601 734 660 817; x_wconf 78' lang='grc' dir='ltr'><strong><em>γῆς</em></strong></span> <span class='ocrx_word' id='word_1_47' title='bbox 679 726 895 811; x_wconf 88' lang='grc' dir='ltr'><strong><em>ἀποσπάσαι,</em></strong></span> <span class='ocrx_word' id='word_1_48' title='bbox 914 731 971 797; x_wconf 85' lang='grc' dir='ltr'><strong><em>καλ</em></strong></span> <span class='ocrx_word' id='word_1_49' title='bbox 987 730 1134 814; x_wconf 86' lang='grc' dir='ltr'><strong><em>μάλιστα</em></strong></span> 
     </span>
     <span class='ocr_line' id='line_1_7' title="bbox 96 827 1135 922; baseline 0 -21"><span class='ocrx_word' id='word_1_50' title='bbox 96 833 267 919; x_wconf 67' lang='grc' dir='ltr'><strong><em>τίβλέποι</em></strong></span> <span class='ocrx_word' id='word_1_51' title='bbox 283 829 341 921; x_wconf 82' lang='grc' dir='ltr'><strong><em>τήν</em></strong></span> <span class='ocrx_word' id='word_1_52' title='bbox 358 832 418 916; x_wconf 72' lang='grc' dir='ltr'><strong><em>μὲν</em></strong></span> <span class='ocrx_word' id='word_1_53' title='bbox 436 827 539 922; x_wconf 80' lang='grc' dir='ltr'><strong><em>αῦραν</em></strong></span> <span class='ocrx_word' id='word_1_54' title='bbox 551 832 686 922; x_wconf 78' lang='grc' dir='ltr'><em>κούφως</em></span> <span class='ocrx_word' id='word_1_55' title='bbox 700 831 962 922; x_wconf 75' lang='grc' dir='ltr'><strong><em>ἐπουριάζουσαν</em></strong></span> <span class='ocrx_word' id='word_1_56' title='bbox 975 832 1034 921; x_wconf 86' lang='grc' dir='ltr'><strong><em>τήν</em></strong></span> <span class='ocrx_word' id='word_1_57' title='bbox 1049 830 1135 901; x_wconf 84' lang='grc' dir='ltr'><strong><em>ἀθό-</em></strong></span> 
     </span>
     <span class='ocr_line' id='line_1_8' title="bbox 93 931 1134 1025; baseline -0.003 -21"><span class='ocrx_word' id='word_1_58' title='bbox 93 962 156 1025; x_wconf 88' lang='grc' dir='ltr'><strong><em>νην,</em></strong></span> <span class='ocrx_word' id='word_1_59' title='bbox 176 934 240 1024; x_wconf 81' lang='grc' dir='ltr'><strong><em>τὴν</em></strong></span> <span class='ocrx_word' id='word_1_60' title='bbox 259 936 296 1002; x_wconf 76' lang='grc' dir='ltr'><strong><em>δὲ</em></strong></span> <span class='ocrx_word' id='word_1_61' title='bbox 312 941 390 1003; x_wconf 83' lang='grc' dir='ltr'><strong><em>ναῦν</em></strong></span> <span class='ocrx_word' id='word_1_62' title='bbox 407 941 583 1024; x_wconf 77' lang='grc' dir='ltr'><strong><em>προσηνῶς</em></strong></span> <span class='ocrx_word' id='word_1_63' title='bbox 599 961 636 1003; x_wconf 91' lang='grc' dir='ltr'><strong><em>τε</em></strong></span> <span class='ocrx_word' id='word_1_64' title='bbox 652 932 709 1003; x_wconf 83' lang='grc' dir='ltr'><strong><em>καλ</em></strong></span> <span class='ocrx_word' id='word_1_65' title='bbox 725 938 822 1015; x_wconf 87' lang='grc' dir='ltr'><strong><em>λείως</em></strong></span> <span class='ocrx_word' id='word_1_66' title='bbox 840 932 891 1003; x_wconf 74' lang='grc' dir='ltr'><strong><em>ἀπ’</em></strong></span> <span class='ocrx_word' id='word_1_67' title='bbox 903 931 1011 1022; x_wconf 85' lang='grc' dir='ltr'><strong><em>ἀκρων</em></strong></span> <span class='ocrx_word' id='word_1_68' title='bbox 1028 932 1134 1023; x_wconf 85' lang='grc' dir='ltr'><strong><em>ήρίμα</em></strong></span> 
     </span>
     <span class='ocr_line' id='line_1_9' title="bbox 95 1038 1185 1122; baseline 0.003 -16"><span class='ocrx_word' id='word_1_69' title='bbox 95 1038 380 1107; x_wconf 76' lang='grc' dir='ltr'><strong><em>διολισθάνουσαν</em></strong></span> <span class='ocrx_word' id='word_1_70' title='bbox 397 1043 464 1104; x_wconf 89' lang='grc' dir='ltr'><strong><em>τιῦν</em></strong></span> <span class='ocrx_word' id='word_1_71' title='bbox 480 1038 643 1122; x_wconf 77' lang='grc' dir='ltr'><strong><em>κυμάτων.</em></strong></span> <span class='ocrx_word' id='word_1_72' title='bbox 679 1040 735 1107; x_wconf 86' lang='grc' dir='ltr'><strong><em>καλ</em></strong></span> <span class='ocrx_word' id='word_1_73' title='bbox 752 1044 865 1122; x_wconf 87' lang='grc' dir='ltr'><strong><em>τοίνυν</em></strong></span> <span class='ocrx_word' id='word_1_74' title='bbox 882 1042 937 1106; x_wconf 80' lang='grc' dir='ltr'><strong><em>καὶ</em></strong></span> <span class='ocrx_word' id='word_1_75' title='bbox 959 1039 1057 1107; x_wconf 91' lang='grc' dir='ltr'><strong><em>τοῦδε</em></strong></span> <span class='ocrx_word' id='word_1_76' title='bbox 1073 1043 1132 1105; x_wconf 90' lang='grc' dir='ltr'><strong><em>τοῦ</em></strong></span> <span class='ocrx_word' id='word_1_77' title='bbox 1153 1061 1185 1109; x_wconf 79' lang='grc' dir='ltr'><strong><em>ιε</em></strong></span> 
     </span>
     <span class='ocr_line' id='line_1_10' title="bbox 95 1137 1134 1230; baseline -0.003 -20"><span class='ocrx_word' id='word_1_78' title='bbox 95 1142 184 1210; x_wconf 76' lang='grc' dir='ltr'><strong><em>οἴκου</em></strong></span> <span class='ocrx_word' id='word_1_79' title='bbox 209 1139 253 1209; x_wconf 90' lang='grc' dir='ltr'><strong><em>τὸ</em></strong></span> <span class='ocrx_word' id='word_1_80' title='bbox 274 1141 394 1220; x_wconf 85' lang='grc' dir='ltr'><strong><em>κάλλος</em></strong></span> <span class='ocrx_word' id='word_1_81' title='bbox 417 1137 525 1207; x_wconf 88' lang='grc' dir='ltr'><strong><em>ίκανδν</em></strong></span> <span class='ocrx_word' id='word_1_82' title='bbox 550 1144 607 1208; x_wconf 85' lang='grc' dir='ltr'><strong><em>καὶ</em></strong></span> <span class='ocrx_word' id='word_1_83' title='bbox 633 1147 849 1230; x_wconf 79' lang='grc' dir='ltr'><strong><em>παρορμῆσαι</em></strong></span> <span class='ocrx_word' id='word_1_84' title='bbox 876 1140 910 1220; x_wconf 82' lang='grc' dir='ltr'><strong><em>ίς</em></strong></span> <span class='ocrx_word' id='word_1_85' title='bbox 935 1141 1054 1229; x_wconf 88' lang='grc' dir='ltr'><strong><em>λόγους</em></strong></span> <span class='ocrx_word' id='word_1_86' title='bbox 1078 1144 1134 1208; x_wconf 87' lang='grc' dir='ltr'><strong><em>καλ</em></strong></span> 
     </span>
     <span class='ocr_line' id='line_1_11' title="bbox 93 1242 1135 1336; baseline 0 -24"><span class='ocrx_word' id='word_1_87' title='bbox 93 1247 232 1334; x_wconf 79' lang='grc' dir='ltr'><strong><em>λέγοντα</em></strong></span> <span class='ocrx_word' id='word_1_88' title='bbox 252 1242 420 1333; x_wconf 75' lang='grc' dir='ltr'><strong><em>ἐπεγεῖραι</em></strong></span> <span class='ocrx_word' id='word_1_89' title='bbox 436 1246 491 1312; x_wconf 84' lang='grc' dir='ltr'><strong><em>καλ</em></strong></span> <span class='ocrx_word' id='word_1_90' title='bbox 509 1243 620 1313; x_wconf 86' lang='grc' dir='ltr'><strong><em>πάντα</em></strong></span> <span class='ocrx_word' id='word_1_91' title='bbox 636 1245 763 1333; x_wconf 81' lang='grc' dir='ltr'><strong><em>τρόπον</em></strong></span> <span class='ocrx_word' id='word_1_92' title='bbox 785 1243 1000 1334; x_wconf 83' lang='grc' dir='ltr'><strong><em>εόδοκιμήοαι</em></strong></span> <span class='ocrx_word' id='word_1_93' title='bbox 1021 1271 1135 1336; x_wconf 87' lang='grc' dir='ltr'><strong><em>παρα-</em></strong></span> 
     </span>
     <span class='ocr_line' id='line_1_12' title="bbox 40 1350 269 1417; baseline -0.004 -1"><span class='ocrx_word' id='word_1_94' title='bbox 40 1384 43 1404; x_wconf 66' lang='grc' dir='ltr'><strong><em>ι</em></strong></span> <span class='ocrx_word' id='word_1_95' title='bbox 96 1350 269 1417; x_wconf 88' lang='grc' dir='ltr'><strong><em>σκευάσαι.</em></strong></span> 
     </span>
    </p>

    <p class='ocr_par' dir='ltr' id='par_1_3' title="bbox 93 1447 1312 3189">
     <span class='ocr_line' id='line_1_13' title="bbox 138 1447 1134 1549; baseline -0.004 -30"><span class='ocrx_word' id='word_1_96' title='bbox 138 1448 225 1539; x_wconf 77' lang='grc' dir='ltr'><strong><em>Ἔγδι</em></strong></span> <span class='ocrx_word' id='word_1_97' title='bbox 244 1452 305 1536; x_wconf 80' lang='grc' dir='ltr'><strong><em>μὲν</em></strong></span> <span class='ocrx_word' id='word_1_98' title='bbox 324 1449 363 1539; x_wconf 80' lang='grc' dir='ltr'><strong><em>δὴ</em></strong></span> <span class='ocrx_word' id='word_1_99' title='bbox 381 1451 513 1529; x_wconf 82' lang='grc' dir='ltr'><strong><em>τούτοις</em></strong></span> <span class='ocrx_word' id='word_1_100' title='bbox 529 1454 699 1549; x_wconf 83' lang='grc' dir='ltr'><strong><em>πείθομαι</em></strong></span> <span class='ocrx_word' id='word_1_101' title='bbox 715 1453 771 1517; x_wconf 85' lang='grc' dir='ltr'><strong><em>καὶ</em></strong></span> <span class='ocrx_word' id='word_1_102' title='bbox 788 1447 850 1537; x_wconf 89' lang='grc' dir='ltr'><strong><em>ήδη</em></strong></span> <span class='ocrx_word' id='word_1_103' title='bbox 873 1453 1061 1535; x_wconf 79' lang='grc' dir='ltr'><strong><em>πέπεισμαι</em></strong></span> <span class='ocrx_word' id='word_1_104' title='bbox 1078 1451 1134 1516; x_wconf 83' lang='grc' dir='ltr'><strong><em>καλ</em></strong></span> 
     </span>
     <span class='ocr_line' id='line_1_14' title="bbox 95 1540 1134 1644; baseline -0.003 -24"><span class='ocrx_word' id='word_1_105' title='bbox 95 1540 127 1633; x_wconf 74' lang='grc' dir='ltr'><strong><em>λς</em></strong></span> <span class='ocrx_word' id='word_1_106' title='bbox 143 1551 202 1622; x_wconf 87' lang='grc' dir='ltr'><strong><em>τὸν</em></strong></span> <span class='ocrx_word' id='word_1_107' title='bbox 228 1550 319 1637; x_wconf 80' lang='grc' dir='ltr'><strong><em>οἶκον</em></strong></span> <span class='ocrx_word' id='word_1_108' title='bbox 342 1552 400 1621; x_wconf 81' lang='grc' dir='ltr'><strong><em>δπλ</em></strong></span> <span class='ocrx_word' id='word_1_109' title='bbox 421 1555 533 1640; x_wconf 78' lang='grc' dir='ltr'><strong><em>λόγοις</em></strong></span> <span class='ocrx_word' id='word_1_110' title='bbox 554 1553 773 1643; x_wconf 76' lang='grc' dir='ltr'><strong><em>παρελήλυθα</em></strong></span> <span class='ocrx_word' id='word_1_111' title='bbox 796 1549 909 1644; x_wconf 73' lang='grc' dir='ltr'><strong><em>ὥσπερ</em></strong></span> <span class='ocrx_word' id='word_1_112' title='bbox 933 1550 1001 1621; x_wconf 87' lang='grc' dir='ltr'><strong><em>όπὸ</em></strong></span> <span class='ocrx_word' id='word_1_113' title='bbox 1023 1553 1134 1638; x_wconf 80' lang='grc' dir='ltr'><strong><em>ἰὐγγσς</em></strong></span> 
     </span>
     <span class='ocr_line' id='line_1_15' title="bbox 93 1647 1132 1747; baseline -0.003 -22"><span class='ocrx_word' id='word_1_114' title='bbox 93 1651 293 1747; x_wconf 82' lang='grc' dir='ltr'><strong><em>ήΣειρήνος</em></strong></span> <span class='ocrx_word' id='word_1_115' title='bbox 309 1663 357 1744; x_wconf 79' lang='grc' dir='ltr'><strong><em>τῷ</em></strong></span> <span class='ocrx_word' id='word_1_116' title='bbox 376 1647 488 1724; x_wconf 86' lang='grc' dir='ltr'><strong><em>κάλλει</em></strong></span> <span class='ocrx_word' id='word_1_117' title='bbox 507 1655 687 1741; x_wconf 79' lang='grc' dir='ltr'><strong><em>ἑλκόμενος,</em></strong></span> <span class='ocrx_word' id='word_1_118' title='bbox 708 1655 829 1724; x_wconf 73' lang='grc' dir='ltr'><strong><em>ἐλπίδα</em></strong></span> <span class='ocrx_word' id='word_1_119' title='bbox 847 1654 886 1745; x_wconf 83' lang='grc' dir='ltr'><strong><em>οῦ</em></strong></span> <span class='ocrx_word' id='word_1_120' title='bbox 903 1654 1022 1745; x_wconf 83' lang='grc' dir='ltr'><strong><em>μικράν</em></strong></span> <span class='ocrx_word' id='word_1_121' title='bbox 1041 1655 1132 1738; x_wconf 63' lang='grc' dir='ltr'><strong><em>λήγων,</em></strong></span> 
     </span>
     <span class='ocr_line' id='line_1_16' title="bbox 95 1750 1134 1847; baseline 0 -22"><span class='ocrx_word' id='word_1_122' title='bbox 95 1758 124 1826; x_wconf 86' lang='grc' dir='ltr'><strong><em>εί</em></strong></span> <span class='ocrx_word' id='word_1_123' title='bbox 139 1752 302 1838; x_wconf 61' lang='grc' dir='ltr'><strong><em>καλκίοις</em></strong></span> <span class='ocrx_word' id='word_1_124' title='bbox 319 1756 397 1847; x_wconf 82' lang='grc' dir='ltr'><strong><em>ἡμῖν</em></strong></span> <span class='ocrx_word' id='word_1_125' title='bbox 415 1754 564 1847; x_wconf 84' lang='grc' dir='ltr'><strong><em>ἀμορφοι</em></strong></span> <span class='ocrx_word' id='word_1_126' title='bbox 585 1750 669 1847; x_wconf 79' lang='grc' dir='ltr'><strong><em>ἦσαν</em></strong></span> <span class='ocrx_word' id='word_1_127' title='bbox 688 1760 849 1847; x_wconf 74' lang='grc' dir='ltr'><strong><em>αλλόγοι,</em></strong></span> <span class='ocrx_word' id='word_1_128' title='bbox 873 1758 992 1839; x_wconf 80' lang='grc' dir='ltr'><strong><em>καλοὺς</em></strong></span> <span class='ocrx_word' id='word_1_129' title='bbox 1015 1755 1134 1836; x_wconf 81' lang='grc' dir='ltr'><strong><em>αὐτοῦς</em></strong></span> 
     </span>
     <span class='ocr_line' id='line_1_17' title="bbox 95 1861 1186 1952; baseline 0.001 -24"><span class='ocrx_word' id='word_1_130' title='bbox 95 1869 287 1950; x_wconf 88' lang='grc' dir='ltr'><strong><em>φανεῖσθαι</em></strong></span> <span class='ocrx_word' id='word_1_131' title='bbox 305 1863 463 1950; x_wconf 87' lang='grc' dir='ltr'><strong><em>καθάπερ</em></strong></span> <span class='ocrx_word' id='word_1_132' title='bbox 483 1861 603 1950; x_wconf 80' lang='grc' dir='ltr'><strong><em>ἒοθήτι</em></strong></span> <span class='ocrx_word' id='word_1_133' title='bbox 619 1864 701 1951; x_wconf 82' lang='grc' dir='ltr'><strong><em>καλῇ</em></strong></span> <span class='ocrx_word' id='word_1_134' title='bbox 718 1869 987 1951; x_wconf 83' lang='grc' dir='ltr'><strong><em>κεκοσμημένους.</em></strong></span> <span class='ocrx_word' id='word_1_135' title='bbox 1024 1861 1134 1952; x_wconf 70' lang='grc' dir='ltr'><strong><em>ἕτερος</em></strong></span> <span class='ocrx_word' id='word_1_136' title='bbox 1154 1881 1186 1929; x_wconf 80' lang='grc' dir='ltr'><strong><em>ιι</em></strong></span> 
     </span>
     <span class='ocr_line' id='line_1_18' title="bbox 96 1960 1131 2063; baseline 0 -31"><span class='ocrx_word' id='word_1_137' title='bbox 96 1965 131 2032; x_wconf 83' lang='grc' dir='ltr'><strong><em>δέ</em></strong></span> <span class='ocrx_word' id='word_1_138' title='bbox 142 1991 195 2045; x_wconf 89' lang='grc' dir='ltr'><strong><em>τις</em></strong></span> <span class='ocrx_word' id='word_1_139' title='bbox 211 1962 273 2034; x_wconf 86' lang='grc' dir='ltr'><strong><em>οῦκ</em></strong></span> <span class='ocrx_word' id='word_1_140' title='bbox 286 1962 418 2054; x_wconf 81' lang='grc' dir='ltr'><strong><em>ἀγεννής</em></strong></span> <span class='ocrx_word' id='word_1_141' title='bbox 427 1967 532 2052; x_wconf 90' lang='grc' dir='ltr'><strong><em>λόγος,</em></strong></span> <span class='ocrx_word' id='word_1_142' title='bbox 549 1963 698 2063; x_wconf 78' lang='grc' dir='ltr'><strong><em>ἀλλὰκαὶ</em></strong></span> <span class='ocrx_word' id='word_1_143' title='bbox 710 1967 798 2033; x_wconf 87' lang='grc' dir='ltr'><strong><em>πάνυ</em></strong></span> <span class='ocrx_word' id='word_1_144' title='bbox 808 1978 962 2053; x_wconf 87' lang='grc' dir='ltr'><strong><em>γενναῖος,</em></strong></span> <span class='ocrx_word' id='word_1_145' title='bbox 978 1960 1024 2044; x_wconf 73' lang='grc' dir='ltr'><strong><em>ὥς</em></strong></span> <span class='ocrx_word' id='word_1_146' title='bbox 1038 1989 1131 2054; x_wconf 90' lang='grc' dir='ltr'><strong><em>φησι,</em></strong></span> 
     </span>
     <span class='ocr_line' id='line_1_19' title="bbox 95 2064 1135 2157; baseline 0.001 -24"><span class='ocrx_word' id='word_1_147' title='bbox 95 2069 147 2134; x_wconf 84' lang='grc' dir='ltr'><strong><em>καλ</em></strong></span> <span class='ocrx_word' id='word_1_148' title='bbox 169 2068 296 2153; x_wconf 82' lang='grc' dir='ltr'><strong><em>μεταξύ</em></strong></span> <span class='ocrx_word' id='word_1_149' title='bbox 319 2094 384 2154; x_wconf 86' lang='grc' dir='ltr'><strong><em>μου</em></strong></span> <span class='ocrx_word' id='word_1_150' title='bbox 406 2071 556 2156; x_wconf 75' lang='grc' dir='ltr'><strong><em>λέγοντος</em></strong></span> <span class='ocrx_word' id='word_1_151' title='bbox 572 2064 734 2157; x_wconf 86' lang='grc' dir='ltr'><strong><em>όπεκρουε</em></strong></span> <span class='ocrx_word' id='word_1_152' title='bbox 754 2072 811 2134; x_wconf 83' lang='grc' dir='ltr'><strong><em>καὶ</em></strong></span> <span class='ocrx_word' id='word_1_153' title='bbox 833 2067 1025 2135; x_wconf 79' lang='grc' dir='ltr'><strong><em>διακόπτειν</em></strong></span> <span class='ocrx_word' id='word_1_154' title='bbox 1043 2066 1135 2134; x_wconf 79' lang='grc' dir='ltr'><strong><em>ἐπει-</em></strong></span> 
     </span>
     <span class='ocr_line' id='line_1_20' title="bbox 95 2158 1211 2262; baseline -0.004 -23"><span class='ocrx_word' id='word_1_155' title='bbox 95 2176 174 2259; x_wconf 81' lang='grc' dir='ltr'><strong><em>ρᾶτο</em></strong></span> <span class='ocrx_word' id='word_1_156' title='bbox 192 2158 377 2262; x_wconf 73' lang='grc' dir='ltr'><strong><em>τήνρήσιν,</em></strong></span> <span class='ocrx_word' id='word_1_157' title='bbox 399 2173 455 2237; x_wconf 86' lang='grc' dir='ltr'><strong><em>καλ</em></strong></span> <span class='ocrx_word' id='word_1_158' title='bbox 473 2168 588 2256; x_wconf 75' lang='grc' dir='ltr'><strong><em>ἐπειδὴ</em></strong></span> <span class='ocrx_word' id='word_1_159' title='bbox 606 2174 798 2253; x_wconf 86' lang='grc' dir='ltr'><strong><em>πέπαυμαι,</em></strong></span> <span class='ocrx_word' id='word_1_160' title='bbox 818 2167 875 2236; x_wconf 88' lang='grc' dir='ltr'><strong><em>οῦκ</em></strong></span> <span class='ocrx_word' id='word_1_161' title='bbox 898 2167 1008 2257; x_wconf 82' lang='grc' dir='ltr'><strong><em>ἀληθῆ</em></strong></span> <span class='ocrx_word' id='word_1_162' title='bbox 1029 2176 1134 2261; x_wconf 76' lang='grc' dir='ltr'><strong><em>1ταῦτα</em></strong></span> <span class='ocrx_word' id='word_1_163' title='bbox 1204 2170 1211 2188; x_wconf 83' lang='grc'><strong>“</strong></span> 
     </span>
     <span class='ocr_line' id='line_1_21' title="bbox 95 2270 1139 2362; baseline 0.005 -25"><span class='ocrx_word' id='word_1_164' title='bbox 95 2274 204 2360; x_wconf 87' lang='grc' dir='ltr'><strong><em>λέγειν</em></strong></span> <span class='ocrx_word' id='word_1_165' title='bbox 222 2279 308 2362; x_wconf 90' lang='grc' dir='ltr'><strong><em>φησί</em></strong></span> <span class='ocrx_word' id='word_1_166' title='bbox 328 2299 382 2359; x_wconf 91' lang='grc' dir='ltr'><strong><em>με,</em></strong></span> <span class='ocrx_word' id='word_1_167' title='bbox 406 2271 491 2341; x_wconf 83' lang='grc' dir='ltr'><strong><em>ἀλλὰ</em></strong></span> <span class='ocrx_word' id='word_1_168' title='bbox 510 2272 694 2357; x_wconf 90' lang='grc' dir='ltr'><strong><em>θαυμάζειν</em></strong></span> <span class='ocrx_word' id='word_1_169' title='bbox 716 2271 747 2339; x_wconf 82' lang='grc' dir='ltr'><strong><em>εἰ</em></strong></span> <span class='ocrx_word' id='word_1_170' title='bbox 765 2271 929 2362; x_wconf 82' lang='grc' dir='ltr'><strong><em>φάσκοιμι</em></strong></span> <span class='ocrx_word' id='word_1_171' title='bbox 948 2270 1139 2359; x_wconf 46' lang='grc' dir='ltr'><strong><em>ἐπιτηδειόπ</em></strong></span> 
     </span>
     <span class='ocr_line' id='line_1_22' title="bbox 96 2374 1134 2466; baseline -0.001 -24"><span class='ocrx_word' id='word_1_172' title='bbox 96 2401 186 2464; x_wconf 88' lang='grc' dir='ltr'><strong><em>τερον</em></strong></span> <span class='ocrx_word' id='word_1_173' title='bbox 213 2374 298 2444; x_wconf 79' lang='grc' dir='ltr'><strong><em>εἶναι</em></strong></span> <span class='ocrx_word' id='word_1_174' title='bbox 315 2375 401 2466; x_wconf 81' lang='grc' dir='ltr'><strong><em>πρὸς</em></strong></span> <span class='ocrx_word' id='word_1_175' title='bbox 418 2377 524 2463; x_wconf 86' lang='grc' dir='ltr'><strong><em>λόγων</em></strong></span> <span class='ocrx_word' id='word_1_176' title='bbox 543 2374 703 2458; x_wconf 74' lang='grc' dir='ltr'><strong><em>ἐπίδειξιν</em></strong></span> <span class='ocrx_word' id='word_1_177' title='bbox 721 2376 812 2444; x_wconf 78' lang='grc' dir='ltr'><strong><em>ολκοα</em></strong></span> <span class='ocrx_word' id='word_1_178' title='bbox 823 2375 943 2454; x_wconf 87' lang='grc' dir='ltr'><strong><em>κάλλος</em></strong></span> <span class='ocrx_word' id='word_1_179' title='bbox 954 2382 1065 2465; x_wconf 80' lang='grc' dir='ltr'><strong><em>γραφή</em></strong></span> <span class='ocrx_word' id='word_1_180' title='bbox 1079 2376 1134 2442; x_wconf 86' lang='grc' dir='ltr'><strong><em>καλ</em></strong></span> 
     </span>
     <span class='ocr_line' id='line_1_23' title="bbox 94 2475 1135 2573; baseline -0.004 -25"><span class='ocrx_word' id='word_1_181' title='bbox 94 2486 208 2570; x_wconf 70' lang='grc' dir='ltr'><strong><em>χρυσῷ</em></strong></span> <span class='ocrx_word' id='word_1_182' title='bbox 225 2484 479 2573; x_wconf 82' lang='grc' dir='ltr'><strong><em>κεκοσμημένον·</em></strong></span> <span class='ocrx_word' id='word_1_183' title='bbox 503 2476 584 2547; x_wconf 78' lang='grc' dir='ltr'><strong><em>αὐτὸ</em></strong></span> <span class='ocrx_word' id='word_1_184' title='bbox 602 2481 664 2568; x_wconf 92' lang='grc' dir='ltr'><strong><em>γάρ</em></strong></span> <span class='ocrx_word' id='word_1_185' title='bbox 688 2500 755 2548; x_wconf 88' lang='grc' dir='ltr'><strong><em>που</em></strong></span> <span class='ocrx_word' id='word_1_186' title='bbox 777 2476 966 2549; x_wconf 87' lang='grc' dir='ltr'><strong><em>τοῦναντίον</em></strong></span> <span class='ocrx_word' id='word_1_187' title='bbox 989 2475 1135 2562; x_wconf 81' lang='grc' dir='ltr'><strong><em>ἀποβαί-</em></strong></span> 
     </span>
     <span class='ocr_line' id='line_1_24' title="bbox 96 2579 1133 2673; baseline -0.001 -24"><span class='ocrx_word' id='word_1_188' title='bbox 96 2607 168 2652; x_wconf 91' lang='grc' dir='ltr'><strong><em>νειν.</em></strong></span> <span class='ocrx_word' id='word_1_189' title='bbox 200 2587 325 2668; x_wconf 86' lang='grc' dir='ltr'><strong><em>μᾶλλον</em></strong></span> <span class='ocrx_word' id='word_1_190' title='bbox 344 2585 389 2665; x_wconf 79' lang='grc' dir='ltr'><strong><em>δὲ,</em></strong></span> <span class='ocrx_word' id='word_1_191' title='bbox 411 2583 441 2650; x_wconf 80' lang='grc' dir='ltr'><strong><em>εί</em></strong></span> <span class='ocrx_word' id='word_1_192' title='bbox 458 2584 557 2665; x_wconf 87' lang='grc' dir='ltr'><strong><em>δοκεῖ,</em></strong></span> <span class='ocrx_word' id='word_1_193' title='bbox 578 2581 678 2663; x_wconf 86' lang='grc' dir='ltr'><strong><em>αῦτὸς</em></strong></span> <span class='ocrx_word' id='word_1_194' title='bbox 695 2579 878 2673; x_wconf 80' lang='grc' dir='ltr'><strong><em>παρελθὼν</em></strong></span> <span class='ocrx_word' id='word_1_195' title='bbox 896 2579 914 2650; x_wconf 88' lang='grc' dir='ltr'><strong><em>ῦ</em></strong></span> <span class='ocrx_word' id='word_1_196' title='bbox 934 2583 1032 2670; x_wconf 87' lang='grc' dir='ltr'><strong><em>λόγος</em></strong></span> <span class='ocrx_word' id='word_1_197' title='bbox 1048 2579 1133 2668; x_wconf 79' lang='grc' dir='ltr'><strong><em>ὑπὲρ</em></strong></span> 
     </span>
     <span class='ocr_line' id='line_1_25' title="bbox 98 2680 1135 2775; baseline 0 -25"><span class='ocrx_word' id='word_1_198' title='bbox 98 2680 219 2754; x_wconf 74' lang='grc' dir='ltr'><strong><em>ἑαυτοῦ</em></strong></span> <span class='ocrx_word' id='word_1_199' title='bbox 236 2687 393 2775; x_wconf 87' lang='grc' dir='ltr'><strong><em>καθάπερ</em></strong></span> <span class='ocrx_word' id='word_1_200' title='bbox 413 2684 446 2753; x_wconf 78' lang='grc' dir='ltr'><strong><em>ἒν</em></strong></span> <span class='ocrx_word' id='word_1_201' title='bbox 470 2688 641 2765; x_wconf 79' lang='grc' dir='ltr'><strong><em>δικασταῖς</em></strong></span> <span class='ocrx_word' id='word_1_202' title='bbox 664 2683 741 2771; x_wconf 88' lang='grc' dir='ltr'><strong><em>όμῖν</em></strong></span> <span class='ocrx_word' id='word_1_203' title='bbox 763 2686 891 2754; x_wconf 83' lang='grc' dir='ltr'><strong><em>εἰπάτω</em></strong></span> <span class='ocrx_word' id='word_1_204' title='bbox 915 2680 982 2771; x_wconf 82' lang='grc' dir='ltr'><strong><em>όπη</em></strong></span> <span class='ocrx_word' id='word_1_205' title='bbox 1006 2686 1135 2751; x_wconf 89' lang='grc' dir='ltr'><strong><em>λυσιτε-</em></strong></span> 
     </span>
     <span class='ocr_line' id='line_1_26' title="bbox 97 2784 1132 2877; baseline 0 -24"><span class='ocrx_word' id='word_1_206' title='bbox 97 2788 250 2877; x_wconf 80' lang='grc' dir='ltr'><strong><em>λέστερον</em></strong></span> <span class='ocrx_word' id='word_1_207' title='bbox 262 2786 391 2877; x_wconf 87' lang='grc' dir='ltr'><strong><em>ήγεῖται</em></strong></span> <span class='ocrx_word' id='word_1_208' title='bbox 403 2794 451 2876; x_wconf 78' lang='grc' dir='ltr'><strong><em>τῷ</em></strong></span> <span class='ocrx_word' id='word_1_209' title='bbox 465 2791 591 2876; x_wconf 79' lang='grc' dir='ltr'><strong><em>λέγοντι</em></strong></span> <span class='ocrx_word' id='word_1_210' title='bbox 604 2786 871 2863; x_wconf 78' lang='grc' dir='ltr'><strong><em>εῦτέλειανοίκοο</em></strong></span> <span class='ocrx_word' id='word_1_211' title='bbox 885 2790 940 2855; x_wconf 85' lang='grc' dir='ltr'><strong><em>καὶ</em></strong></span> <span class='ocrx_word' id='word_1_212' title='bbox 955 2784 1132 2876; x_wconf 82' lang='grc' dir='ltr'><strong><em>ἀμορφίαν.</em></strong></span> 
     </span>
     <span class='ocr_line' id='line_1_27' title="bbox 99 2886 1135 2981; baseline 0 -25"><span class='ocrx_word' id='word_1_213' title='bbox 99 2886 177 2973; x_wconf 77' lang='grc' dir='ltr'><strong><em>ἐμοῦ</em></strong></span> <span class='ocrx_word' id='word_1_214' title='bbox 198 2891 257 2977; x_wconf 80' lang='grc' dir='ltr'><strong><em>μδν</em></strong></span> <span class='ocrx_word' id='word_1_215' title='bbox 276 2890 437 2981; x_wconf 89' lang='grc' dir='ltr'><strong><em>ἀκηκόατε</em></strong></span> <span class='ocrx_word' id='word_1_216' title='bbox 454 2887 515 2980; x_wconf 87' lang='grc' dir='ltr'><strong><em>ήδη</em></strong></span> <span class='ocrx_word' id='word_1_217' title='bbox 534 2895 697 2979; x_wconf 76' lang='grc' dir='ltr'><strong><em>λέγοντος,</em></strong></span> <span class='ocrx_word' id='word_1_218' title='bbox 723 2887 810 2960; x_wconf 79' lang='grc' dir='ltr'><strong><em>δι’στε</em></strong></span> <span class='ocrx_word' id='word_1_219' title='bbox 829 2889 923 2959; x_wconf 74' lang='grc' dir='ltr'><strong><em>οῦδὲν</em></strong></span> <span class='ocrx_word' id='word_1_220' title='bbox 946 2893 1064 2976; x_wconf 83' lang='grc' dir='ltr'><strong><em>δέομαι</em></strong></span> <span class='ocrx_word' id='word_1_221' title='bbox 1083 2890 1135 2969; x_wconf 80' lang='grc' dir='ltr'><strong><em>δὶς</em></strong></span> 
     </span>
     <span class='ocr_line' id='line_1_28' title="bbox 101 2990 1132 3083; baseline -0.002 -23"><span class='ocrx_word' id='word_1_222' title='bbox 101 2999 260 3083; x_wconf 79' lang='grc' dir='ltr'><strong><em>περὶτῶν</em></strong></span> <span class='ocrx_word' id='word_1_223' title='bbox 277 2990 386 3063; x_wconf 87' lang='grc' dir='ltr'><strong><em>αῦτιῦν</em></strong></span> <span class='ocrx_word' id='word_1_224' title='bbox 401 2995 521 3062; x_wconf 85' lang='grc' dir='ltr'><strong><em>εἰπεῖν·</em></strong></span> <span class='ocrx_word' id='word_1_225' title='bbox 540 2991 559 3062; x_wconf 86' lang='grc' dir='ltr'>ὁ</span> <span class='ocrx_word' id='word_1_226' title='bbox 574 2996 609 3062; x_wconf 77' lang='grc' dir='ltr'><strong><em>δὲ</em></strong></span> <span class='ocrx_word' id='word_1_227' title='bbox 622 2993 804 3083; x_wconf 80' lang='grc' dir='ltr'><strong><em>παρελθὼν</em></strong></span> <span class='ocrx_word' id='word_1_228' title='bbox 818 2992 879 3083; x_wconf 82' lang='grc' dir='ltr'><strong><em>ήδη</em></strong></span> <span class='ocrx_word' id='word_1_229' title='bbox 894 2992 1023 3081; x_wconf 71' lang='grc' dir='ltr'><strong><em>λεγέτο),</em></strong></span> <span class='ocrx_word' id='word_1_230' title='bbox 1042 2990 1132 3080; x_wconf 79' lang='grc' dir='ltr'><strong><em>κάγὼ</em></strong></span> 
     </span>
     <span class='ocr_line' id='line_1_29' title="bbox 101 3093 1312 3189; baseline 0.001 -27"><span class='ocrx_word' id='word_1_231' title='bbox 101 3097 317 3185; x_wconf 87' lang='grc' dir='ltr'><strong><em>σιωπήσομαι</em></strong></span> <span class='ocrx_word' id='word_1_232' title='bbox 334 3101 389 3165; x_wconf 87' lang='grc' dir='ltr'><strong><em>καὶ</em></strong></span> <span class='ocrx_word' id='word_1_233' title='bbox 407 3093 621 3189; x_wconf 85' lang='grc' dir='ltr'><strong><em>πρδςάλίγον</em></strong></span> <span class='ocrx_word' id='word_1_234' title='bbox 640 3096 730 3186; x_wconf 73' lang='grc' dir='ltr'><strong><em>αὐτῷ</em></strong></span> <span class='ocrx_word' id='word_1_235' title='bbox 747 3099 1007 3185; x_wconf 89' lang='grc' dir='ltr'><strong><em>μεταστήσομαι.</em></strong></span> <span class='ocrx_word' id='word_1_236' title='bbox 1305 3165 1312 3176; x_wconf 70' lang='grc'><strong><em>,</em></strong></span> 
     </span>
    </p>

    <p class='ocr_par' dir='ltr' id='par_1_4' title="bbox 102 3195 1304 4117">
     <span class='ocr_line' id='line_1_30' title="bbox 145 3195 1304 3289; baseline -0.001 -21"><span class='ocrx_word' id='word_1_237' title='bbox 145 3195 315 3289; x_wconf 55' lang='grc' dir='ltr'><strong><em>(“3λίνδρες”</em></strong></span> <span class='ocrx_word' id='word_1_238' title='bbox 326 3205 434 3269; x_wconf 89' lang='grc' dir='ltr'><strong><em>τοίνυν</em></strong></span> <span class='ocrx_word' id='word_1_239' title='bbox 444 3197 650 3282; x_wconf 77' lang='grc' dir='ltr'><strong><em>“δικασταὶ,”</em></strong></span> <span class='ocrx_word' id='word_1_240' title='bbox 667 3203 767 3289; x_wconf 84' lang='grc' dir='ltr'><strong><em>φησὶν</em></strong></span> <span class='ocrx_word' id='word_1_241' title='bbox 781 3197 914 3286; x_wconf 86' lang='grc' dir='ltr'><strong><em>όλόγος,</em></strong></span> <span class='ocrx_word' id='word_1_242' title='bbox 926 3196 971 3265; x_wconf 80' lang='grc' dir='ltr'><strong><em>“ό</em></strong></span> <span class='ocrx_word' id='word_1_243' title='bbox 980 3201 1132 3283; x_wconf 79' lang='grc' dir='ltr'><strong><em>μὲνπρσ-</em></strong></span> <span class='ocrx_word' id='word_1_244' title='bbox 1152 3220 1185 3267; x_wconf 80' lang='lat'><strong><em>15</em></strong></span> <span class='ocrx_word' id='word_1_245' title='bbox 1302 3278 1304 3283; x_wconf 10' lang='lat' dir='ltr'>X</span> 
     </span>
     <span class='ocr_line' id='line_1_31' title="bbox 103 3299 1176 3393; baseline 0 -27"><span class='ocrx_word' id='word_1_246' title='bbox 103 3301 207 3370; x_wconf 83' lang='grc' dir='ltr'><strong><em>ειπών</em></strong></span> <span class='ocrx_word' id='word_1_247' title='bbox 230 3304 337 3393; x_wconf 83' lang='grc' dir='ltr'><strong><em>ῥήτωρ</em></strong></span> <span class='ocrx_word' id='word_1_248' title='bbox 356 3301 466 3371; x_wconf 80' lang='grc' dir='ltr'><strong><em>πολλὰ</em></strong></span> <span class='ocrx_word' id='word_1_249' title='bbox 483 3305 538 3369; x_wconf 82' lang='grc' dir='ltr'><strong><em>καί</em></strong></span> <span class='ocrx_word' id='word_1_250' title='bbox 556 3303 683 3390; x_wconf 89' lang='grc' dir='ltr'><strong><em>μεγάλα</em></strong></span> <span class='ocrx_word' id='word_1_251' title='bbox 700 3303 795 3371; x_wconf 87' lang='grc' dir='ltr'><strong><em>τόνδε</em></strong></span> <span class='ocrx_word' id='word_1_252' title='bbox 813 3301 870 3370; x_wconf 86' lang='grc' dir='ltr'><strong><em>τὸν</em></strong></span> <span class='ocrx_word' id='word_1_253' title='bbox 889 3299 977 3369; x_wconf 80' lang='grc' dir='ltr'><strong><em>οἶκον</em></strong></span> <span class='ocrx_word' id='word_1_254' title='bbox 996 3300 1133 3389; x_wconf 75' lang='grc' dir='ltr'><strong><em>ἐπῄνεσε</em></strong></span> <span class='ocrx_word' id='word_1_255' title='bbox 1171 3384 1176 3389; x_wconf 65' lang='lat'>,</span> 
     </span>
     <span class='ocr_line' id='line_1_32' title="bbox 102 3404 1257 3495; baseline 0.002 -27"><span class='ocrx_word' id='word_1_256' title='bbox 102 3408 153 3472; x_wconf 79' lang='grc' dir='ltr'><strong><em>καὶ</em></strong></span> <span class='ocrx_word' id='word_1_257' title='bbox 172 3413 219 3495; x_wconf 76' lang='grc' dir='ltr'><strong><em>τῷ</em></strong></span> <span class='ocrx_word' id='word_1_258' title='bbox 238 3406 357 3475; x_wconf 78' lang='grc' dir='ltr'><strong><em>ἑαυτοῦ</em></strong></span> <span class='ocrx_word' id='word_1_259' title='bbox 375 3407 461 3494; x_wconf 81' lang='grc' dir='ltr'><strong><em>λόγῳ</em></strong></span> <span class='ocrx_word' id='word_1_260' title='bbox 477 3405 664 3495; x_wconf 77' lang='grc' dir='ltr'><strong><em>ἐκόσμησεν,</em></strong></span> <span class='ocrx_word' id='word_1_261' title='bbox 684 3405 747 3494; x_wconf 74' lang='grc' dir='ltr'><strong><em>ἐγὼ</em></strong></span> <span class='ocrx_word' id='word_1_262' title='bbox 762 3407 799 3474; x_wconf 80' lang='grc' dir='ltr'><strong><em>δὲ</em></strong></span> <span class='ocrx_word' id='word_1_263' title='bbox 811 3405 970 3474; x_wconf 92' lang='grc' dir='ltr'><strong><em>τοσοότου</em></strong></span> <span class='ocrx_word' id='word_1_264' title='bbox 987 3405 1050 3472; x_wconf 79' lang='grc' dir='ltr'><strong><em>δέοι</em></strong></span> <span class='ocrx_word' id='word_1_265' title='bbox 1065 3404 1134 3491; x_wconf 83' lang='grc' dir='ltr'><strong><em>ψό-</em></strong></span> <span class='ocrx_word' id='word_1_266' title='bbox 1247 3470 1257 3477; x_wconf 73' lang='grc'><strong><em>,</em></strong></span> 
     </span>
     <span class='ocr_line' id='line_1_33' title="bbox 103 3505 1133 3595; baseline 0.001 -22"><span class='ocrx_word' id='word_1_267' title='bbox 103 3531 156 3590; x_wconf 88' lang='grc' dir='ltr'><strong><em>γον</em></strong></span> <span class='ocrx_word' id='word_1_268' title='bbox 175 3506 285 3577; x_wconf 85' lang='grc' dir='ltr'><strong><em>αῦτοῦ</em></strong></span> <span class='ocrx_word' id='word_1_269' title='bbox 296 3511 565 3591; x_wconf 75' lang='grc' dir='ltr'><strong><em>διεξελεύσεσθαι</em></strong></span> <span class='ocrx_word' id='word_1_270' title='bbox 584 3507 668 3578; x_wconf 80' lang='grc' dir='ltr'><strong><em>όίστε</em></strong></span> <span class='ocrx_word' id='word_1_271' title='bbox 685 3513 741 3577; x_wconf 87' lang='grc' dir='ltr'><strong><em>καλ</em></strong></span> <span class='ocrx_word' id='word_1_272' title='bbox 759 3507 802 3577; x_wconf 88' lang='grc' dir='ltr'><strong><em>τδι</em></strong></span> <span class='ocrx_word' id='word_1_273' title='bbox 818 3505 874 3576; x_wconf 77' lang='grc' dir='ltr'><strong><em>ὑπ’</em></strong></span> <span class='ocrx_word' id='word_1_274' title='bbox 887 3507 1008 3577; x_wconf 76' lang='grc' dir='ltr'><strong><em>ἐκείνου</em></strong></span> <span class='ocrx_word' id='word_1_275' title='bbox 1022 3526 1133 3595; x_wconf 87' lang='grc' dir='ltr'><strong><em>παρα-</em></strong></span> 
     </span>
     <span class='ocr_line' id='line_1_34' title="bbox 103 3605 1133 3702; baseline 0.001 -28"><span class='ocrx_word' id='word_1_276' title='bbox 103 3610 293 3698; x_wconf 82' lang='grc' dir='ltr'><strong><em>λελειμμένα</em></strong></span> <span class='ocrx_word' id='word_1_277' title='bbox 310 3614 519 3702; x_wconf 77' lang='grc' dir='ltr'><strong><em>προσθήσειν</em></strong></span> <span class='ocrx_word' id='word_1_278' title='bbox 536 3639 596 3698; x_wconf 89' lang='grc' dir='ltr'><strong><em>μοι</em></strong></span> <span class='ocrx_word' id='word_1_279' title='bbox 614 3605 716 3681; x_wconf 87' lang='grc' dir='ltr'><strong><em>δοκιῦ·</em></strong></span> <span class='ocrx_word' id='word_1_280' title='bbox 736 3609 805 3701; x_wconf 83' lang='grc' dir='ltr'><strong><em>όσῳ</em></strong></span> <span class='ocrx_word' id='word_1_281' title='bbox 824 3611 885 3700; x_wconf 81' lang='grc' dir='ltr'><strong><em>’γάρ</em></strong></span> <span class='ocrx_word' id='word_1_282' title='bbox 905 3609 944 3680; x_wconf 81' lang='grc' dir='ltr'><strong><em>ἀν</em></strong></span> <span class='ocrx_word' id='word_1_283' title='bbox 961 3609 1038 3697; x_wconf 89' lang='grc' dir='ltr'><strong><em>ῦμῖν</em></strong></span> <span class='ocrx_word' id='word_1_284' title='bbox 1054 3612 1133 3676; x_wconf 90' lang='grc' dir='ltr'><strong><em>καλ-</em></strong></span> 
     </span>
     <span class='ocr_line' id='line_1_35' title="bbox 104 3712 1134 3805; baseline 0 -28"><span class='ocrx_word' id='word_1_285' title='bbox 104 3712 178 3782; x_wconf 87' lang='grc' dir='ltr'><strong><em>λίων</em></strong></span> <span class='ocrx_word' id='word_1_286' title='bbox 197 3721 365 3805; x_wconf 92' lang='grc' dir='ltr'><strong><em>φαίνηται,</em></strong></span> <span class='ocrx_word' id='word_1_287' title='bbox 384 3717 511 3804; x_wconf 76' lang='grc' dir='ltr'><strong><em>τοσῷδε</em></strong></span> <span class='ocrx_word' id='word_1_288' title='bbox 528 3713 722 3795; x_wconf 77' lang='grc' dir='ltr'><strong><em>ὑπεναντίος</em></strong></span> <span class='ocrx_word' id='word_1_289' title='bbox 738 3724 778 3805; x_wconf 81' lang='grc' dir='ltr'><strong><em>τῇ</em></strong></span> <span class='ocrx_word' id='word_1_290' title='bbox 796 3723 855 3783; x_wconf 89' lang='grc' dir='ltr'><strong><em>τοῦ</em></strong></span> <span class='ocrx_word' id='word_1_291' title='bbox 874 3717 1022 3800; x_wconf 79' lang='grc' dir='ltr'><strong><em>λέγοντος</em></strong></span> <span class='ocrx_word' id='word_1_292' title='bbox 1038 3719 1134 3800; x_wconf 84' lang='grc' dir='ltr'><strong><em>χρείρι</em></strong></span> 
     </span>
     <span class='ocr_line' id='line_1_36' title="bbox 106 3813 1132 3908; baseline -0.002 -24"><span class='ocrx_word' id='word_1_293' title='bbox 106 3813 325 3906; x_wconf 81' lang='grc' dir='ltr'><strong><em>δειχθήσεται.</em></strong></span> <span class='ocrx_word' id='word_1_294' title='bbox 353 3823 409 3887; x_wconf 87' lang='grc' dir='ltr'><strong><em>καὶ</em></strong></span> <span class='ocrx_word' id='word_1_295' title='bbox 424 3819 559 3908; x_wconf 83' lang='grc' dir='ltr'><strong><em>πρῶτόν</em></strong></span> <span class='ocrx_word' id='word_1_296' title='bbox 576 3845 613 3908; x_wconf 91' lang='grc' dir='ltr'><strong><em>γε</em></strong></span> <span class='ocrx_word' id='word_1_297' title='bbox 631 3817 746 3906; x_wconf 78' lang='grc' dir='ltr'><strong><em>ἐπειδὴ</em></strong></span> <span class='ocrx_word' id='word_1_298' title='bbox 765 3823 924 3905; x_wconf 84' lang='grc' dir='ltr'><strong><em>γυναικιῦν</em></strong></span> <span class='ocrx_word' id='word_1_299' title='bbox 937 3814 1132 3899; x_wconf 84' lang='grc' dir='ltr'><strong><em>καλκόσμου</em></strong></span> 
     </span>
     <span class='ocr_line' id='line_1_37' title="bbox 104 3918 1133 4010; baseline 0.004 -28"><span class='ocrx_word' id='word_1_300' title='bbox 104 3921 154 3985; x_wconf 85' lang='grc' dir='ltr'><strong><em>καὶ</em></strong></span> <span class='ocrx_word' id='word_1_301' title='bbox 167 3930 289 4010; x_wconf 81' lang='grc' dir='ltr'><strong><em>χρυσοῦ</em></strong></span> <span class='ocrx_word' id='word_1_302' title='bbox 304 3921 425 4003; x_wconf 69' lang='grc' dir='ltr'><strong><em>ἐκεῖνος</em></strong></span> <span class='ocrx_word' id='word_1_303' title='bbox 439 3922 664 4010; x_wconf 77' lang='grc' dir='ltr'><strong><em>ἐμνημόνευσε,</em></strong></span> <span class='ocrx_word' id='word_1_304' title='bbox 680 3918 781 4005; x_wconf 84' lang='grc' dir='ltr'><strong><em>κάμοὶ</em></strong></span> <span class='ocrx_word' id='word_1_305' title='bbox 795 3920 998 4009; x_wconf 74' lang='grc' dir='ltr'><strong><em>ἐπιτρέψατε</em></strong></span> <span class='ocrx_word' id='word_1_306' title='bbox 1009 3918 1133 4008; x_wconf 90' lang='grc' dir='ltr'><strong><em>χρήσα-</em></strong></span> 
     </span>
     <span class='ocr_line' id='line_1_38' title="bbox 105 4014 1133 4117; baseline 0.005 -32"><span class='ocrx_word' id='word_1_307' title='bbox 105 4026 187 4092; x_wconf 83' lang='grc' dir='ltr'><strong><em>σθαι</em></strong></span> <span class='ocrx_word' id='word_1_308' title='bbox 200 4033 249 4116; x_wconf 74' lang='grc' dir='ltr'><strong><em>τηῦ</em></strong></span> <span class='ocrx_word' id='word_1_309' title='bbox 267 4028 523 4116; x_wconf 89' lang='grc' dir='ltr'><strong><em>παραδείγματι.</em></strong></span> <span class='ocrx_word' id='word_1_310' title='bbox 550 4027 636 4117; x_wconf 86' lang='grc' dir='ltr'><strong><em>φημλ</em></strong></span> <span class='ocrx_word' id='word_1_311' title='bbox 653 4022 715 4116; x_wconf 82' lang='grc' dir='ltr'><strong><em>γὰρ</em></strong></span> <span class='ocrx_word' id='word_1_312' title='bbox 731 4014 786 4092; x_wconf 85' lang='grc' dir='ltr'><strong><em>οῦν</em></strong></span> <span class='ocrx_word' id='word_1_313' title='bbox 804 4025 858 4092; x_wconf 86' lang='grc' dir='ltr'><strong><em>καλ</em></strong></span> <span class='ocrx_word' id='word_1_314' title='bbox 875 4025 1001 4114; x_wconf 86' lang='grc' dir='ltr'><strong><em>γυναιξὶ</em></strong></span> <span class='ocrx_word' id='word_1_315' title='bbox 1017 4024 1133 4104; x_wconf 82' lang='grc' dir='ltr'><strong><em>καλαῖς</em></strong></span> 
     </span>
    </p>
   </div>
   <div class='ocr_carea' id='block_1_3' title="bbox 626 4132 631 4151">
    <p class='ocr_par' dir='ltr' id='par_1_5' title="bbox 626 4132 631 4151">
     <span class='ocr_line' id='line_1_39' title="bbox 626 4132 631 4151; baseline 0 0"><span class='ocrx_word' id='word_1_316' title='bbox 626 4132 631 4151; x_wconf 93' lang='grc' dir='ltr'><strong><em>Ι</em></strong></span> 
     </span>
    </p>
   </div>
   <div class='ocr_carea' id='block_1_4' title="bbox 0 0 1410 4574">
    <p class='ocr_par' dir='ltr' id='par_1_6' title="bbox 0 0 1410 4574">
     <span class='ocr_line' id='line_1_40' title="bbox 0 0 1410 4574; baseline 0 0"><span class='ocrx_word' id='word_1_317' title='bbox 0 0 1410 4574; x_wconf 95' lang='lat' dir='ltr'><strong><em> </em></strong></span> 
     </span>
    </p>
   </div>
  </div>
 </body>
</html>
