2782 4574
130 180 134 185 ’
220 202 285 273 120
607 200 865 273 εοεειεεαε
926 211 932 218 ·

216 321 521 412 ἀποπνιγήσονται,
542 322 576 390 ολ
592 318 765 405 πλούσιοι,
786 317 1106 415 όριύντεςόχήματα,
1125 321 1258 406 ἵππους

217 430 274 495 καὶ
291 427 418 506 παῖδας
435 421 580 513 ὡραίους
596 419 679 493 ὅσον
694 426 890 507 δισχιλίους,
914 424 950 506 ἐξ
970 421 1105 512 ἀπάσης
1126 421 1258 515 ήλικίας

166 552 201 604 τε
218 526 240 598 δ’
256 557 290 598 τι
308 555 372 617 περ
390 527 429 596 τὸ
447 524 687 618 ἀνθηρότατον.
716 523 788 595 εἶτα
806 528 925 603 δεῖπνα
939 525 996 595 δπλ
1006 534 1131 614 χρυσοῦ
1145 568 1187 580 -
1202 526 1258 597 εύ-
1380 560 1381 567 ¹

217 631 314 720 τελὴς
334 630 397 722 γὰρ
421 627 439 699 ό
463 628 605 719 ἀργυρος
624 633 680 698 καὶ
702 627 740 697 οά
763 628 831 698 κατ’
848 628 907 714 έμέ
923 668 965 683 --
982 630 1117 716 τάριχος
1138 632 1197 716 μέν
1220 632 1260 715 έξ

215 732 370 823 Ἰβηρίας,
405 730 492 814 οἶνος
517 735 555 802 δέ
586 733 622 816 ἐξ
642 731 793 813 Ἰταλίας,
827 733 936 801 έλαιον
967 732 1003 815 ἐξ
1028 730 1169 825 Ἰβηρίας
1199 739 1258 804 καὶ

150 840 154 847 ‘
218 844 328 919 τοῦτο,
348 839 424 923 μέλι
442 837 479 904 δὲ
496 834 653 924 ἡμέτερον
669 833 709 904 τό
728 832 868 925 ἀπυρον,
885 839 941 904 καί
956 834 1029 923 όψα
1041 839 1257 920 πανταχόθεν
1381 908 1383 935 η

216 944 274 1008 καλ
292 941 369 1021 σύες
386 942 442 1007 καὶ
459 937 575 1026 λαγὼς,
595 941 651 1005 καλ
670 935 734 1007 ὅσα
748 937 866 1027 πτηνὰ,
886 936 976 1027 όρνις
990 938 1025 1006 έκ
1041 940 1186 1020 Φάσιδος
1198 943 1257 1008 καὶ

217 1042 308 1123 ταιδς
327 1042 362 1125 έξ
375 1040 490 1122 Ἰνδίας
505 1043 564 1109 καὶ
580 1039 765 1128 ἀλεκτρυὼν
783 1039 802 1109 ό
820 1040 1026 1127 Νομαδικός·
1050 1042 1084 1109 ολ
1106 1044 1142 1109 δὲ
1160 1067 1263 1111 σκευ-.
1383 1094 1384 1129 ,

219 1147 353 1228 άζοντες
371 1145 492 1213 έκαστα
511 1151 672 1233 σοφισταί
686 1169 774 1224 τινες
791 1148 871 1232 περὶ
887 1148 1046 1229 πέμματα
1063 1144 1258 1231 καϊχυμούς
1279 1222 1286 1227 ,

219 1249 355 1332 ἔχοντες.
392 1248 423 1314 εί
440 1246 478 1313 δέ
494 1272 560 1315 τινι
577 1252 760 1335 προπίοιμι
778 1248 903 1337 σκύφον
924 1244 946 1336 ἢ
964 1248 1087 1337 φιάλην
1105 1248 1254 1337 αἰτήσας,
1384 1300 1385 1311 .

167 1348 239 1422 υίδ
263 1349 386 1421 έκπιιδν
409 1347 608 1439 ἀποφερέτω
631 1349 749 1419 καὶτὸ
773 1350 921 1436 ἐ’κπιυμα.
966 1351 999 1419 ολ
1022 1351 1060 1418 δέ
1075 1357 1131 1419 νύν
1148 1352 1258 1419 πλού·
1363 1430 1367 1439 ,

219 1452 290 1522 σόοι
307 1451 394 1544 πρὸς
411 1453 470 1537 έμδ
482 1444 561 1540 Ἶροι
579 1451 701 1540 δηλαδή
722 1448 878 1534 ἅπαντες,
898 1457 953 1521 καὶ
972 1450 1080 1525 οάκέτι
1097 1452 1136 1521 τὸ
1155 1451 1257 1542 ἀργο-
1385 1482 1386 1491 ’

219 1665 350 1746 πομπῇ,
370 1660 426 1723 καὶ
442 1658 589 1742 μάλιστα
608 1655 743 1729 έπειδάν
757 1655 820 1748 δρᾷ
831 1658 914 1749 τούς
923 1658 1051 1739 οἰκέτας
1061 1657 1141 1739 τούς
1153 1657 1258 1744 ἐμούς

220 1756 351 1849 ἀργύρῳ
369 1759 518 1847 τοσούτῳ
535 1766 736 1849 χρωμένους·
754 1769 794 1851 τῇ
813 1762 912 1829 πόλει
931 1763 967 1828 δέ
983 1766 1089 1829 τούτο
1103 1761 1257 1850 ἐξαίρετα
1386 1816 1388 1855 3

218 1861 297 1951 παρ’
314 1861 393 1947 έμού
415 1859 557 1952 ὑπῆρξεν
580 1860 629 1946 ἀν,
655 1863 692 1930 αλ
711 1865 770 1949 μέν
792 1864 949 1949 διανομαὶ
970 1863 1060 1941 κατὰ,
1075 1871 1162 1953 μήνα
1180 1864 1257 1932 ἕκα-

221 1990 298 2033 στον
317 1967 458 2055 δραχμαί
476 1973 524 2054 τῷ
540 1968 599 2051 μὲν
613 1964 705 2054 ἀστῷ
726 1965 849 2048 ἑκατὸν,
867 1973 916 2055 τῷ
935 1969 971 2039 δέ
983 1973 1131 2055 ’μετοίκῳ
1150 1963 1254 2057 ήμιου

219 2069 355 2150 τούτων)
375 2069 519 2155 δημόσια
538 2071 574 2137 δὲ
591 2068 627 2149 ές
643 2070 763 2150 κάλλος
780 2076 910 2157 θέατρα
927 2074 982 2138 καὶ
999 2073 1173 2156 βαλανεῖα,
1197 2074 1254 2138 καί

216 2170 276 2260 τήν
293 2172 465 2239 θάλατταν
483 2169 559 2260 ἀχρι
576 2171 662 2261 πρὸς
678 2170 717 2241 τό
732 2175 880 2242 Δίπυλον
897 2169 985 2262 ήκειν
998 2170 1172 2242 κάνταῦθά
1185 2198 1255 2241 που

219 2277 335 2359 λιμένα
357 2271 440 2342 εἶναι
463 2273 667 2357 ἐπαχθέντος
692 2272 855 2364 ὀρύγματι
882 2277 1013 2364 μεγάλῳ
1039 2283 1098 2344 τού
1121 2272 1254 2360 ὕδατος,

220 2374 267 2456 ὡς
287 2376 326 2444 τό
348 2378 469 2445 πλοῖόν
490 2401 554 2462 μου
577 2380 718 2466 πλησίον
741 2377 854 2467 ὁρμεῖν
874 2380 1060 2467 καταφανές
1083 2376 1119 2447 δν
1142 2379 1176 2446 έκ
1191 2384 1254 2445 τοῦ

168 2502 203 2551 25
220 2486 435 2567 Κεραμεικοῦ.
475 2492 547 2560 ταῖς
569 2484 682 2569 φίλοις
704 2482 741 2549 δέ
761 2479 849 2566 ύμῖν,
871 2488 1044 2569 Σαμίππῳ
1066 2483 1123 2565 μέν
1145 2479 1254 2547 εἴκοσι

219 2585 397 2669 μεδίμνους
415 2582 579 2671 ἐπισήμου
591 2591 727 2671 χρυσίου
741 2591 996 2673 παραμετρῆσαι
1010 2581 1067 2651 τόν
1081 2583 1253 2667 οἰκονόμον

219 2684 373 2754 ἐκέλευσα
391 2683 440 2767 ἀν,
463 2686 618 2775 Τιμολάῳ
637 2689 674 2755 δὲ
686 2692 788 2755 πέντε
802 2694 961 2771 χοίνικας,
980 2693 1110 2774 Λυκίνῳ
1130 2687 1166 2753 δέ
1180 2692 1255 2768 χοί-

217 2814 300 2870 νικα,
321 2786 596 2876 ἀπομεμαγμένην
612 2792 668 2857 καί
684 2791 814 2877 ταύτην,
835 2787 887 2859 ότι
905 2792 1005 2871 λάλος
1025 2790 1095 2859 ἐστὶ
1108 2792 1164 2856 καλ
1177 2787 1255 2859 έπι-

220 2892 367 2958 σκώπτει
388 2916 453 2975 μου
475 2889 533 2979 τήν
554 2889 658 2979 εύχήν.
702 2898 819 2960 τοῦτον
845 2892 1028 2981 ἐβουλόμην
1053 2898 1173 2978 βιῶναι
1194 2889 1256 2963 τόν

218 2999 302 3079 βίον,
318 2996 471 3062 πλουτῶν
485 2995 533 3073 εἷς
545 2992 731 3084 ὑπερβολήν
745 3000 800 3063 καί
812 3004 946 3085 τροφῶν
957 3000 1013 3063 καί
1031 2996 1159 3075 πάσαις
1172 2991 1255 3083 ἦδο-

218 3110 291 3177 ναῖς
309 3094 472 3187 ἀφθόνως
486 3099 664 3187 χριόμενος.
701 3099 827 3191 ε’ίρηκα,
845 3107 902 3168 καί
917 3127 977 3186 μοι
995 3096 1014 3168 ό
1029 3097 1146 3190 Ἑρμῆς
1161 3100 1254 3166 τελε-

218 3202 442 3290 σιουργήσειεν
461 3199 555 3269 αάτά.
657 3251 661 3255 ε

165 3324 199 3374 τε
237 3329 243 3339 ’
271 3320 355 3375 ΛΥΚ.
401 3302 512 3375 Οἶσθα
538 3295 609 3386 οάν,
638 3296 881 3389 ιάἀίδείμαντε,
911 3303 957 3385 ιός
983 3305 1071 3373 πάνυ
1098 3328 1155 3373 σοι
1181 3300 1254 3371 ἀπὸ

217 3409 340 3496 λεπτῆς
356 3408 474 3496 κρόκης
492 3405 511 3477 ό
529 3414 599 3488 πᾶς
617 3404 733 3475 ούτοοὶ
749 3411 894 3488 πλοῦτος
911 3404 1114 3496 ἀπήρτηται,
1139 3409 1194 3474 καὶ
1212 3401 1253 3494 ήν

218 3509 321 3599 ἐκείνη
341 3509 528 3601 ἀπορραγῇ,
547 3510 658 3579 πάντα
675 3510 800 3594 οἴχεται
816 3515 872 3579 καὶ
891 3507 1055 3600 ἀνθρακές
1074 3534 1130 3579 σοι
1148 3506 1166 3578 ό
1183 3515 1254 3597 θη-

136 3701 142 3713 ,
216 3612 341 3704 σαυρδς
358 3613 469 3698 έσταις

270 3733 398 3803 ΑΔΕΙΜ.
433 3723 511 3797 Πιύς
529 3719 641 3804 λέγεις,
662 3706 690 3783 ὦ
707 3726 826 3789 Λυκῖνε
831 3746 843 3802 ‚·

268 3837 353 3891 ΛΥΚ.
380 3816 460 3904 Ὅτι,
489 3811 518 3887 ὦ
545 3817 673 3910 ἀριστε,
702 3816 823 3910 ἀδηλον
850 3817 977 3889 ὁπόσον
997 3820 1115 3907 χρόνον
1139 3816 1248 3906 βιάσῃ

215 3926 380 3992 πλουτῶν.
406 3929 457 4003 τίς
474 3922 536 4013 γάρ
556 3921 643 3993 οἶδεν
661 3924 691 3995 εἰ
709 3924 758 3993 έτι
776 3949 831 3991 σοι
844 3929 1085 4012 παρακειμένης
1097 3929 1156 4011 τής
1171 3946 1249 4011 χρυ«

216 4033 277 4114 σής
288 4028 460 4116 τραπέζης,
476 4017 555 4117 πρὶν
569 4027 742 4123 ἐπιβαλεῖν,
751 4027 809 4117 τὴν
820 4041 915 4117 χεῖρα
923 4030 978 4095 καὶ
988 4023 1251 4116 ἀπογεύσασθαι
