2782 4574
103 314 107 321 ¹
317 241 424 299 LXVI,
450 236 621 297 11101011
642 239 670 294 n
691 232 828 296 ευκει
849 240 972 297 14-17.
1099 229 1166 296 111

136 376 144 383 ·
177 334 262 420 m.
298 348 486 436 Μηδαμῶς,
510 345 585 413 ίπελ
606 345 889 433 συνεμβησόμεθά
911 369 967 413 σοι
987 349 1044 414 καί
1065 345 1161 417 αύτολ

125 452 330 531 ίπιστάντες.
657 538 660 545 y

178 568 307 625 ΑΔΕΜ
336 548 415 621 Ἀλλ’
431 548 607 641 ὗφαιρὴσω
625 548 683 640 τὴν
697 547 904 641 ἀποβάθραν
915 554 1160 642 προεισελθών.
1202 596 1207 603 ·

176 672 263 727 ΛΥΚ.
300 652 422 724 Ούκοῦν
443 651 538 743 ἡμεῖς
563 678 600 742 με
625 655 887 745 προσνηξόμεθα
907 651 1000 741 ύμῖν·
1026 654 1071 745 μὴ
1098 654 1162 746 γάρ

127 759 199 828 σίου
218 761 274 827 σοί
291 759 350 843 μὲν
369 754 454 825 εἶναι
471 757 587 851 ῥηίδιον
603 760 782 844 τηλικαῦτα
800 761 906 826 πλοῖα
917 763 1066 827 κτᾶσθαι
1078 757 1163 848 μήτε

126 866 301 951 πριαμένῳ
317 861 400 957 μήτε
417 866 715 949 ναυπηγησαμένῳ,
739 858 834 953 ἡμεῖς
852 863 888 930 δὲ
907 859 965 931 οόκ
984 861 1162 949 αἰτήσομεν

15 962 16 965 “
126 964 220 1055 παρὰ
237 969 303 1031 τῶν
320 969 412 1032 θεῶν
431 963 487 1030 έπί
506 960 652 1044 πολλοὺς
665 966 822 1045 σταδίους
835 962 976 1055 ἀκμῆτες
994 966 1163 1033 δύνασθαι

126 1060 202 1136 νεῖν.
234 1072 344 1135 καίτοι
360 1066 476 1154 πρῴην
493 1068 548 1133 καὶ
567 1066 615 1146 εἷς
631 1057 769 1155 Λίμνον
788 1064 845 1135 ἐπὶ
867 1065 925 1156 τὴν
942 1074 1000 1157 τὴς
1015 1066 1162 1149 Ἐνοδίας

125 1169 257 1257 τελετὴν
275 1166 381 1238 οίσθα
404 1168 437 1236 έν
459 1166 560 1258 ἡλίκῳ
583 1171 751 1259 σκαφιδίῳ
773 1171 896 1250 πάντες
919 1166 988 1256 άμα
1011 1173 1044 1239 οἱ
1066 1176 1163 1260 φίλοι

126 1276 291 1361 τεττάρων
310 1271 446 1351 ἕκαστος
464 1268 591 1357 ὀβολῶν
610 1270 858 1356 διεπλεύσαμεν,
877 1276 933 1341 καί
951 1271 1046 1342 ούδὲν
1064 1274 1161 1343 έδυσ-

21 1362 24 1371 ’
124 1382 272 1465 χέραινες
289 1373 376 1463 ἡμᾶς
395 1377 632 1458 συμπλέοντας,
651 1381 706 1442 νῦν
719 1375 756 1441 δέ
774 1371 974 1462 ἀγανακτεῖς,
996 1376 1025 1443 ελ
1044 1401 1162 1461 συνεμ-

124 1478 396 1571 βησόμεθάνσοι,
420 1475 556 1565 καλιὴν
579 1474 783 1565 ἀποβάθραν
801 1476 1034 1567 προεισελθὼν
1057 1476 1162 1567 ἀφαι-

125 1595 204 1671 ρεῖς.
227 1578 418 1671 ὗπερμαζᾷς
435 1578 507 1671 γὰρ,
528 1571 760 1665 ὦῖίδείμαντε,
779 1583 836 1648 καὶ
854 1580 887 1661 ἒς
904 1579 961 1649 τὸν
978 1582 1101 1649 κόλπον
1120 1579 1159 1650 ού

124 1685 254 1764 πτύεις,
280 1682 356 1751 ούδὲ
380 1679 484 1752 οίσθα
506 1679 600 1764 ὅστις
622 1680 667 1751 δν
688 1687 888 1773 ναυκληρεῖς.
930 1680 1035 1764 ούτως
1059 1684 1161 1775 ίπὴρέ

126 1808 164 1855 σε
184 1789 240 1853 καὶ
262 1783 283 1874 ἡ
303 1786 390 1853 οίκία
413 1785 446 1853 έν
466 1788 557 1874 καλιῇ
578 1792 636 1874 τὴς
658 1789 789 1868 πόλεως
816 1787 1079 1875 οἰκοδομηθεῖσα
1104 1791 1162 1854 καὶ

125 1894 191 1956 τῶν
204 1885 400 1955 ἀκολούθων
413 1887 451 1955 τὸ
466 1892 609 1978 πλῇθος.
637 1886 717 1972 ἀλλ’,
735 1882 858 1977 ὦγαθέ,
874 1888 960 1979 πρὸς
972 1897 1030 1979 τῆς
1041 1889 1162 1969 Ἴσιδος

125 1988 187 2058 κᾶν
211 1989 254 2058 τά
279 1993 413 2079 Νειληῖα
438 1998 544 2061 ταῦτα
568 1989 684 2082 ταρίχη
709 1990 752 2059 τὰ
779 1992 885 2061 λεπτά
910 1999 1056 2081 μέμνησο
1083 1990 1160 2081 ἡμῖν

126 2090 217 2185 ἀγειν
235 2090 293 2161 ἀπ’
303 2094 477 2182 Αἰγύπτου
495 2091 517 2183 ἢ
533 2096 636 2184 μύρον
655 2093 724 2162 ἀπὸ
740 2101 799 2163 τοῦ
812 2095 979 2163 Κανώπου
998 2086 1107 2181 ἢἿβιν
1125 2094 1162 2161 ἐκ

125 2199 311 2285 Μέμφιδος,
332 2198 363 2265 εί
377 2198 413 2265 δὲ
426 2195 445 2286 ἡ
460 2204 538 2277 ναῦς
552 2196 698 2279 έδύυατο,
714 2196 845 2265 καὶτῶν
858 2198 1055 2284 πυραμίδων
1069 2202 1158 2280 μίαν.
1213 2214 1219 2255 ἱ

179 2315 257 2370 Tm
293 2296 378 2381 Ἅλις
403 2302 556 2384 παιδιᾶς,
590 2291 770 2368 ὦΛυκῖνε.
816 2297 897 2389 δρᾷς
928 2298 974 2380 ὥς
1000 2298 1158 2389 ἐρυθριᾶν
1179 2321 1211 2369 16

123 2400 329 2489 Ἀδείμαντον
352 2403 526 2491 ἐποίησας,
554 2407 668 2492 πολλῷ
695 2409 742 2491 τῇ
769 2405 887 2491 γέλωτι
914 2402 1093 2483 ἐπικλύσας
1120 2400 1158 2471 τὸ

126 2510 254 2588 πλοῖον,
275 2503 321 2586 ὥς
339 2503 542 2596 ὑπέραντλον
560 2504 643 2575 εἶναι
661 2509 716 2574 καὶ
733 2512 848 2595 μηκέτι
861 2503 1004 2590 ἀπέχειν
1022 2503 1109 2596 πρὸς
1120 2505 1159 2573 τὸ
1259 2550 1263 2555 -

127 2608 291 2699 ἐπιρρέον.
319 2608 531 2700 καλέπείπερ
550 2609 599 2680 έτι
613 2609 699 2679 πολὺ
713 2607 844 2698 ἡμῖντὸ
858 2610 976 2678 λοιπόν
991 2608 1061 2677 ἔστι
1075 2608 1161 2698 πρὸς

125 2710 164 2780 τό
178 2709 277 2793 ’ἀστν,
298 2712 482 2798 διελόμενοι
499 2721 636 2803 τετραχῇ
653 2711 711 2802 τὴν
730 2710 808 2781 ὁδὸν
825 2710 910 2781 κατὰ
928 2710 1005 2792 τοὺς
1020 2711 1160 2797 ἐπιβάλ-

126 2818 244 2896 λοντας
267 2815 403 2895 ἕκαστος
430 2817 586 2895 σταδίους
613 2816 757 2901 αἰτῶμεν
784 2811 871 2902 άπερ
899 2812 939 2883 ἀν
966 2816 1044 2904 δοκῇ
1066 2812 1161 2902 παρὰ

125 2924 193 2987 τοῖν
213 2925 320 2986 θεῶν·
348 2914 435 2986 οότω
458 2917 520 3006 γὰρ
545 2915 584 2987 ἀν
606 2915 693 3008 ἡμᾶς
714 2915 735 2987 δ’
755 2944 791 2987 τε
813 2920 959 3004 κάματος
976 2920 1082 2987 λάθοι
1104 2919 1162 2984 καὶ

126 3018 197 3107 ἅμα
216 3019 473 3115 εὐφρανούμεθα
486 3017 601 3111 ὥσπερ
614 3019 739 3111 ἡδίστῳ
755 3019 898 3111 ὀνείρατι
912 3020 1051 3109 ἑκουσίῳ
1065 3046 1162 3110 περι-

125 3122 300 3206 πεσόντες,
326 3122 377 3213 ἀφ’
394 3121 472 3195 ὅσον
489 3124 686 3210 βουλόμεθα
708 3116 744 3192 ού
762 3126 938 3213 ποιήσοντι
955 3121 1057 3211 ἡμᾶς·
1080 3120 1158 3211 παρ’

126 3226 218 3315 αύτῷ
235 3226 299 3315 γὰρ
317 3226 442 3316 ἑκάστῳ
461 3225 500 3296 τὸ
519 3231 637 3317 μέτρον
649 3233 708 3315 τὴς
722 3224 824 3315 εύχῇς,
844 3229 900 3293 καὶ
914 3227 946 3293 οἱ
959 3229 1037 3292 θεοὶ
1051 3225 1161 3293 πάντα

125 3324 386 3403 δποκείσθωσαν
412 3333 623 3421 παρέξοντες,
656 3331 687 3398 εἰ
716 3333 770 3397 καὶ
802 3336 842 3420 τῇ
873 3329 977 3419 φύσει
1006 3325 1163 3395 ἀπίθανα

126 3430 232 3502 έσται.
268 3432 307 3502 τὸ
327 3435 363 3501 δὲ
379 3439 542 3523 μέγιστον,
567 3431 727 3515 ἐπίδειξις
746 3432 839 3502 ἔσται
854 3430 894 3502 τὸ
913 3438 1050 3522 πρᾶγμα
1069 3427 1162 3510 ὅστις

126 3534 168 3606 ἀν
186 3534 308 3625 ἀριστα
322 3537 546 3626 χρήσαιτοιτῴ
561 3538 695 3626 πλούτῳ
710 3542 765 3606 καὶ
778 3544 817 3629 τῇ
832 3534 923 3627 εύχῇ·
943 3537 1085 3624 δηλώσει
1099 3532 1161 3623 γάρ

10 3664 13 3669 ’
126 3639 200 3720 οἷος
219 3637 258 3708 ἀν
276 3642 332 3708 καί
349 3641 539 3730 πλουτήσας
558 3641 693 3729 ἐγένετο.

133 3774 137 3779 ·
179 3760 267 3815 ΣΑΜ.
303 3745 430 3826 Καλῶς,
451 3735 477 3811 ὦ
495 3745 646 3829 Τιμόλαε,
666 3746 721 3811 καί
735 3742 904 3828 πείθομαί
921 3766 976 3809 σοι
994 3744 1059 3821 καὶ,
1080 3734 1159 3806 ὅταν
1180 3761 1211 3809 11

126 3843 145 3917 δ
165 3845 280 3936 καιρὸς
297 3850 392 3937 καλῇ,
416 3844 553 3932 εύξυμαι
572 3843 658 3937 άπερ
678 3844 717 3915 ἀν
735 3837 825 3935 δοκῇ.
861 3846 891 3912 εἰ
907 3845 966 3929 μὲν
984 3841 1046 3931 γὰρ
1061 3838 1163 3910 Ἀδεί-

123 3976 251 4035 μαντος
267 3951 449 4036 βούλεται,
463 3947 538 4018 οάδέ
557 3950 680 4040 ἐρωτᾶν
701 3945 808 4034 οἶμαι,
834 3943 871 4027 ός
888 3973 924 4036 με
943 3947 981 4036 δὴ
1002 3946 1034 4015 έν
1051 3951 1091 4035 τῇ
1109 3946 1166 4033 νηί

124 4051 185 4121 τὸν
202 4053 312 4145 ἕτερον
331 4055 422 4122 πόδα
440 4053 521 4140 λ’χει·
540 4051 602 4144 χρὴ
622 4053 658 4123 δέ
675 4055 731 4122 καὶ
748 4050 878 4140 Λυκίνῳ
898 4052 1016 4120 δοκεῖν.
