2730 4584
217 198 289 275 νεά
442 258 446 265 .
529 220 532 223 ·
606 213 863 273 Δονιωισεκ

216 323 289 395 ἐίάν
309 348 347 392 τε
366 313 407 412 ἦν
428 320 564 390 πάντων
583 316 718 389 ἀκούειν
740 320 891 410 θορύβου
909 322 1055 394 πολλοῦ
1062 327 1252 409 γιγνομένου

213 434 282 497 τῶν
297 451 336 494 τε
353 427 615 511 διακονουμένων
631 432 699 491 τῶν
716 449 753 491 τε
775 423 991 508 ἑστιωμένων,
1017 419 1126 504 άλλως
1142 429 1254 494 τεκαὶ

140 514 144 521 ¹
214 537 283 600 τῶν
305 533 565 617 δυσχερεστέρων
592 524 630 595 ὂν
654 534 848 616 μεμνῆσθαι
874 527 992 613 λόγους
1014 525 1047 593 ἐν
1074 536 1253 617 συμποσίῳ

212 638 423 721 γενομένους·
450 628 556 700 οἶσθα
577 631 640 720 γάρ
664 627 711 709 ὥς
734 630 956 717 ἐπιλήσμονας
982 642 1077 696 ποιεῖ
1097 634 1153 697 καὶ
1175 631 1256 712 τοὺς

213 739 290 804 λίαν
306 735 624 824 μνημονικωτάτους.
660 732 746 822 πλὴν
764 731 849 800 ἀλλὰ
867 732 927 822 σὴν
942 732 1039 820 χάριν
1056 731 1104 812 ὡς
1121 729 1163 801 ἀν
1181 733 1255 815 οἶός

214 831 298 907 τεῶ
319 837 378 927 τὴν
399 836 549 926 διήγησιν
571 839 779 927 πειράσομαι
800 842 995 917 ποιεῖσθαι,
1018 837 1120 924 μηδὲν
1142 863 1256 924 παρα-

215 932 678 1028 νιωωνῶνειενειμηεο.
1200 958 1203 961 ·

180 1065 199 1113 ε
266 1060 353 1116 ΕΡΜ.
396 1044 525 1111 Τούτων
546 1044 606 1128 μὲν
629 1040 668 1129 δὴ
693 1041 784 1107 ἕνεκα
807 1038 883 1109 υλδά
907 1066 963 1109 σοι
983 1042 1090 1127 χάριν.
1132 1038 1205 1108 ἀλλ’
1222 1042 1258 1111 εἴ

214 1172 276 1233 μοι
291 1145 350 1215 τὸν
366 1146 477 1215 πάντα
495 1146 592 1231 λόγον
609 1144 646 1226 ἐξ
662 1141 762 1232 ἀρχῆς
775 1141 948 1232 ἀποδοίης,
968 1139 989 1211 δ’
1005 1171 1040 1211 τι
1056 1169 1092 1210 τε
1110 1134 1150 1229 ἦν
1168 1141 1254 1234 ὅπερ

215 1247 338 1337 ἀνέγνω
351 1253 481 1335 βιβλίον
491 1244 688 1337 Ἀνδροκλῆς,
704 1254 778 1314 τίνα
789 1271 825 1314 τε
838 1253 981 1335 νενίκηκε
993 1250 1049 1313 καὶ
1062 1253 1154 1322 τίνας
1166 1243 1254 1330 ὑμᾶς

215 1352 250 1432 ἐς
275 1352 314 1419 τὸ
341 1353 530 1437 συμπόσιον
555 1353 717 1437 κέκληκεν,
747 1345 852 1437 οὕτως
879 1347 920 1416 ἀν
948 1348 1057 1438 ἱκανὴν
1083 1357 1253 1429 καταθοῑο

213 1453 274 1543 τὴν
289 1457 398 1544 χάριν.
766 1545 780 1556 „
1043 1448 1045 1452 ί

267 1573 353 1626 ΧΑΡ.
392 1555 435 1625 Τὸ
461 1558 520 1641 μέν
548 1554 586 1643 δὴ
607 1558 738 1641 βιβλίον
760 1557 798 1641 ἠν
821 1552 980 1640 ἐγκώμιον
998 1552 1191 1643 Ἡρακλέους
1217 1555 1254 1623 ἔτι

214 1683 305 1737 τινος
328 1655 510 1745 ὀνείρατος,
535 1654 582 1736 ὥς
606 1657 707 1742 ἐ’λεγε,
733 1663 963 1744 πεποιημένον.
980 1655 1084 1745 αὐτῷ·
1110 1665 1254 1747 νενίκηκε

216 1762 253 1833 δὲ
272 1760 429 1843 Διότιμον
447 1758 504 1826 τὸν
522 1761 719 1848 Μεγαρόθεν
738 1755 1041 1846 ἀνταγωνισάμενον
1065 1757 1154 1849 αὐτῷ
1173 1764 1253 1851 περὶ

214 1868 281 1928 τῶν
299 1858 480 1944 ἀσταχύων,
499 1856 623 1946 μᾶλλον
642 1862 679 1926 δὲ
697 1863 775 1949 περὶ
793 1867 851 1949 τῆς
870 1862 977 1950 δόξης.

266 1980 354 2037 EPM.
392 1969 431 2031 Τί
448 1960 479 2031 δ’
490 1955 530 2052 ἦν
547 1963 566 2031 ὃ
586 1963 707 2042 ἐκεῖνος
725 1960 846 2051 ἀνέγνω
862 1969 1010 2050 βιβλίονς

267 2084 353 2139 XAP.
384 2064 561 2155 Ἐγκιόμιον
576 2081 650 2136 τοῖν
669 2069 896 2154 Διοσκούροιν.
928 2068 1051 2156 ἔφασκε
1070 2069 1107 2134 δὲ
1123 2072 1179 2135 καὶ
1192 2067 1253 2137 αό-

212 2170 273 2251 τδς
291 2170 326 2239 έκ
342 2173 495 2258 μεγάλων
511 2171 668 2239 κινδύνων
685 2169 742 2239 ὑπ’
760 2170 889 2239 ἐκείνων
907 2177 1114 2254 σεσωσμένος
1131 2173 1251 2262 ταύτην

217 2272 331 2354 αὐτοῖς
351 2281 550 2343 καταθεῖναι
571 2273 630 2363 τὴν
649 2275 755 2361 χάριν,
784 2270 893 2354 άλλως
912 2299 950 2340 τε
971 2278 1026 2340 καλ
1047 2272 1104 2342 ὑπ’
1123 2275 1251 2342 ἐκείνων

162 2352 178 2387 “
215 2381 501 2465 παρακεκλημένος
524 2374 575 2445 ἐπ’
591 2375 706 2464 ἀκροις
728 2378 848 2456 ἱστίοις
865 2376 898 2443 έν
920 2390 992 2455 τοῖς
1015 2376 1166 2459 ἐσχάτοις
1182 2403 1250 2445 κιν-

147 2552 153 2559 ,
180 2480 326 2558 εδάνυις
353 2486 530 2568 φανέντων.
576 2488 729 2569 παρῆσαν
760 2484 873 2563 μέντοι
903 2484 952 2567 τῷ
984 2486 1163 2567 συμποσίῳ
1194 2483 1251 2549 καλ

215 2577 311 2650 ἀλλοι
328 2585 450 2649 πολλοὶ
468 2581 501 2650 οί
518 2583 577 2668 μέν
590 2596 754 2671 συγγενεῖς
767 2579 867 2669 αὐτῷ,
888 2582 921 2648 οἱ
934 2582 971 2648 δέ
984 2585 1039 2648 καὶ
1053 2579 1161 2662 άλλως
1174 2608 1251 2652 σαν-

213 2684 326 2771 ήθεις,
349 2685 385 2753 οἱ
402 2686 439 2752 δέ
458 2685 556 2773 λόγου
574 2712 611 2754 τε
629 2683 720 2767 ἀξιοι
736 2686 775 2752 τό
793 2709 830 2751 τε
853 2685 1041 2767 συμπόσιον
1063 2680 1140 2753 ὅλον
1157 2712 1250 2754 κεκο·

214 2787 375 2875 σμηκότες
396 2789 453 2855 καί
473 2789 614 2868 κάλλους
636 2788 782 2875 ἐγκώμια
805 2789 996 2867 διελθόντες
1020 2791 1127 2855 Φίλων
1153 2780 1250 2878 τεῆν

215 2886 234 2956 ό
265 2896 397 2957 Δεινίου
426 2894 482 2958 καλ
508 2891 724 2981 Ἀρίστιππος
755 2889 773 2959 ὃ
802 2888 1019 2977 Ἀγασθένους
1052 2892 1108 2958 καὶ
1138 2899 1249 2979 τρίτος
1354 2906 1355 2931 ¹

215 2987 330 3069 αάτός·
363 2998 608 3079 συγκατείλεκτο
636 2995 673 3060 δέ
700 2991 778 3082 ἡμῖν
802 2997 858 3061 καὶ
880 2995 1077 3079 Κλεώνυμος
1104 2991 1122 3062 ὁ
1149 2993 1249 3076 καλὸς
1353 3048 1354 3095 η

215 3090 235 3161 δ
261 3100 321 3161 τοῦ
344 3091 567 3185 Ἀνδροκλέους
598 3094 813 3195 ἀδελφιδοῦς,
850 3098 1020 3186 μειράκιον
1052 3094 1183 3167 ἁπαλόν
1212 3124 1249 3167 τε

213 3199 269 3264 καὶ
297 3204 537 3284 τεθραμμένον·
575 3206 651 3267 νοῦν
681 3206 794 3285 μέντοι
823 3224 860 3287 γε
887 3200 995 3268 έδόκει
1026 3201 1118 3283 ἔχειν,
1156 3201 1246 3270 πάνυ

212 3297 275 3386 γάρ
310 3300 498 3388 προθύμως
531 3300 674 3391 ἠκροᾶτο
693 3285 774 3371 ’τῶν
809 3304 924 3389 λόγων.
978 3310 1113 3388 πρῶτος
1148 3305 1186 3371 δέ
1226 3299 1245 3372 ὅ

216 3404 322 3526 Φίλων
339 3400 495 3490 περὶτοῦ
512 3405 652 3486 κάλλους
673 3401 795 3494 ἤρξατο
812 3409 916 3493 λέγειν
938 3406 1246 3493 προοιμιασάμενυς
1300 3470 1310 3485 ,
1348 3462 1351 3589 η

213 3528 311 3573 ουτω.

263 3625 349 3683 ΕΡΜ.
387 3611 570 3696 Μηδαμῶς,
600 3605 627 3679 ὦ
654 3612 777 3702 ἑταῖρε,
805 3612 850 3703 μὴ
878 3618 957 3703 πρὶν
983 3622 1048 3682 τῶν
1076 3614 1244 3701 ἐγκωμίων

131 3768 134 3777 .
209 3706 303 3800 ἀρξη,
324 3715 402 3797 πρὶν
421 3709 460 3780 ἀν
476 3739 535 3799 μοι
553 3719 608 3783 καὶ
620 3714 677 3804 τὴν
696 3718 806 3784 αἰτίαν
823 3715 969 3806 ἀποδῷς,
988 3716 1044 3808 ὑφ’
1057 3708 1095 3805 ἧς
1114 3717 1148 3797 ές
1164 3716 1245 3785 κου’-

211 3840 289 3893 τονς
306 3817 500 3904 προήχθητε
516 3818 594 3898 τοὺς
613 3822 740 3907 λόγους.
1227 3870 1231 3877 ·

261 3934 346 3989 XAP.
381 3920 465 4008 Είκῆ
478 3923 658 4008 διατρίβεις
671 3922 766 4010 ἡμᾶς,
780 3913 908 4009 ὦγαθέ,
922 3924 1029 3991 πάλαι
1044 3926 1245 4007 δυναμένους
1330 3952 1340 3971 ⁴

210 4015 267 4087 τόν
284 4014 418 4089 ἅπαντα
435 4025 532 4111 λόγον
555 4027 750 4107 διελθόντας
772 4025 1015 4115 ἀπαλλαγῆναι,
1048 4027 1133 4115 πλὴν
1156 4024 1245 4093 ἀλλὰ
