2748 4572
218 170 265 240 56
613 182 898 243 Δοτκεικοε·

224 317 281 362 σοι
301 290 358 380 τὴν
380 296 447 378 γῆν,
474 288 558 359 κατὰ
580 294 719 357 σεαυτοῦ
742 284 761 355 ό
781 287 1047 376 Βελλεροφόντης
1068 292 1262 379 περιφέρων

173 416 206 467 19
224 393 264 462 τὸ
290 396 435 479 βιβλίον,·
462 392 650 480 Δημήτριος
673 391 708 458 δὲ
731 388 749 460 ὁ
772 388 910 471 Κυνικὸς
937 390 1016 458 ίδών
1044 389 1077 458 ἐν
1098 397 1258 480 Κορίνθῳ

226 493 429 575 ἀπαίδευτόν
446 521 520 564 τινα
537 497 666 590 βιβλίον
682 493 855 561 κάλλιστον
872 490 1172 580 ἀναγιγνώσκοντα,
1196 492 1260 578 τὰς

223 599 364 681 Βάκχας,
385 595 487 682 οἶμαι,
506 603 565 664 τοῦ
578 593 765 685 Εὐριπίδου
780 633 822 644 -
837 594 920 662 κατὰ
936 594 994 663 τὸν
1013 593 1148 683 άγγελον
1166 597 1203 663 δὲ
1219 587 1262 685 ἦν

226 699 284 768 τὸν
303 700 513 791 διηγούμενον
525 698 567 767 τὰ
580 704 639 767 τοῦ
652 692 809 777 Πενθέως
821 698 921 786 πάθη
936 696 1042 765 καὶτὸ
1056 704 1115 786 τῆς
1124 695 1261 786 Ἀγαύης

108 828 111 833 ’
227 802 320 892 ἐργον
337 842 380 852 -
399 799 554 890 ἁρπάσας
572 803 750 871 διέσπασεν
773 797 853 867 αότδ
876 798 989 880 εἰπών,
1009 796 1168 885 ς(ἐὶμεινόν
1188 799 1261 868 ἐστι

222 912 274 993 ,τῷ
291 911 417 979 ΠενθεῖΙ
429 901 527 998 ,άπαξ
547 898 785 995 σπαραχθῆναι
800 898 860 970 ὕπ’
873 901 953 986 ἐμοῦ
970 898 992 990 ἢ
1009 898 1076 972 ὕπὸ
1096 910 1157 971 σοῦ
1174 907 1261 973 πολι-

226 1004 348 1086 λάκις.”
588 1082 593 1085 ,
928 1092 938 1101 ⁶
1267 1004 1276 1014 ”

235 1148 241 1153 ·
278 1116 391 1196 Ζητών
410 1111 446 1176 δέ
464 1107 517 1175 όιεὶ
534 1107 620 1197 πρὸς
636 1107 778 1192 ἐμαυτὸν
797 1100 892 1174 οόπω
914 1110 970 1174 καὶ
995 1107 1135 1196 τήμερον
1154 1105 1261 1197 εόρεῖν

102 1285 106 1291 ,
229 1212 406 1299 δεδύνημαι
427 1218 516 1290 τίνος
538 1210 630 1278 ἕνεκα
651 1209 708 1297 τὴν
735 1208 883 1296 σπουδὴν
903 1210 1026 1298 ταύτην
1049 1211 1260 1289 ἐσπούδακας

227 1316 306 1402 περὶ
323 1312 380 1400 τὴν
399 1310 482 1400 ώνὴν
499 1319 565 1379 τών
582 1315 734 1397 βιβλίων·
762 1309 925 1400 ὠφελείας
946 1313 1004 1397 μὲν
1025 1310 1087 1398 γὰρ
1109 1309 1261 1400 ἢγγρείας
1356 1314 1357 1317 ’

227 1422 293 1482 τών
312 1411 368 1485 ἐπ’
381 1412 488 1482 αότών
507 1409 579 1480 οὐδ’
591 1411 631 1479 ἐν
649 1414 781 1502 οἰηθείη
799 1439 850 1493 τις
866 1421 932 1480 τών
949 1412 1009 1481 κάν
1023 1412 1075 1482 ἐπ’
1087 1412 1263 1497 ἐλάχιστόν

227 1540 267 1585 σε
284 1516 430 1598 εἰδότων,
455 1514 493 1599 οὗ
511 1519 634 1600 μᾶλλον
652 1512 674 1603 ἢ
692 1514 861 1605 φαλακρὸς
879 1514 918 1584 άν
935 1543 987 1596 τις
1009 1522 1147 1606 πρίαιτο
1163 1522 1264 1584 κτένα
1358 1502 1359 1527 ¹

212 1615 249 1705 ἢ
267 1618 451 1704 κάτοπτρον
470 1616 488 1684 δ
506 1616 631 1706 τυφλὸς
647 1615 670 1705 ἢ
688 1616 706 1685 ὃ
724 1617 837 1705 κωηνδς
856 1615 996 1706 αὐλητὴν
1004 1614 1035 1706 ἢ
1053 1617 1219 1706 παλλακὴν
1240 1615 1261 1688 δ
1359 1658 1360 1663 1

228 1716 380 1802 εὐνοῦχος
397 1717 418 1806 ἢ
437 1717 455 1786 δ
473 1717 661 1808 ἠπειρώτης
682 1720 796 1806 κώπην
813 1717 835 1807 ἢ
853 1717 872 1787 δ
891 1722 1086 1808 κυβερνήτης
1105 1717 1260 1811 ἐίροτρον.

229 1818 313 1888 ἀλλὰ
329 1820 374 1908 μὴ
394 1821 552 1903 ἐπίδειξιν
569 1821 715 1888 πλούτου
730 1844 785 1890 σοι
797 1819 836 1888 τὸ
849 1828 987 1908 πρᾶγμα
1000 1822 1066 1905 ἐχει
1078 1824 1134 1890 καλ
1145 1824 1263 1908 βούλει
1360 1812 1361 1815 ¹

222 1922 491 2012 ,τοῦτο’ἐμφῆυαι
508 1919 643 2005 ἅπασιν,
668 1919 721 1991 ότι
738 1926 794 1990 καὶ
812 1923 845 2002 ἐς
862 1922 903 1990 τόν
920 1925 1020 2011 μηδέν
1043 1948 1098 1992 σοι
1112 1926 1262 2014 χρήσιμα

196 2027 202 2031 ’
230 2023 320 2111 ὅμως
338 2026 373 2093 ἐκ
389 2028 514 2113 πολλῆς
531 2032 589 2114 τῆς
606 2032 800 2113 περιουσίας
818 2023 1019 2109 ἇναλίσκειςς
1040 2030 1097 2093 καὶ
1112 2026 1176 2114 μὴν
1195 2024 1262 2095 ὅσα
1362 2112 1363 2121 ¹

227 2154 265 2215 γε
286 2128 369 2214 κόιμέ
390 2129 495 2215 Σύρον
518 2124 597 2194 όντα
619 2128 755 2209 εἰδέναι,
783 2127 880 2215 εἰμὴ
906 2126 1026 2196 σαυτὸν
1054 2133 1163 2217 φέρων
1185 2142 1262 2209 ταῖς
1362 2138 1363 2169 ³

114 2299 117 2305 ,
227 2238 288 2299 τοῦ
305 2236 455 2318 γέροντος
478 2229 598 2298 ἐκείνου
623 2229 800 2316 διαθήκαις
821 2235 1090 2320 παρενέγραψας,
1115 2229 1263 2298 όιπωλώ.
1363 2264 1364 2289 ν

227 2337 297 2414 Ιλεις
311 2332 350 2400 ἂν
363 2331 430 2401 άπὸ
441 2335 542 2415 λιμοῦ
554 2329 615 2419 ἤδη
628 2336 684 2399 καὶ
697 2329 818 2419 όγορὰν
827 2329 1025 2424 προύτίθεις
1033 2339 1099 2400 τών
1110 2337 1262 2419 βιβλίων.

177 2456 212 2507 κο
229 2434 348 2503 λοιπὸν
369 2425 425 2501 οόν
444 2433 483 2522 δὴ
503 2434 614 2514 ἐκεῖνο,
638 2437 859 2516 πεπεισμένον
881 2458 919 2502 σε
941 2430 1008 2503 ὑπὸ
1030 2441 1095 2502 τών
1112 2434 1262 2503 κολάκων

230 2533 276 2616 ώς
290 2533 328 2604 οὗ
342 2535 442 2620 μόνον
454 2534 553 2615 καλὸς
566 2532 664 2603 εἶκαὶ
677 2535 842 2621 ἐράσμιος,
863 2533 946 2603 ἀλλὰ
960 2535 1065 2625 σοφὸς
1081 2539 1138 2604 καί
1150 2536 1261 2627 ῥήτωρ

175 2714 178 2721 ,
229 2641 286 2706 καί
303 2636 598 2726 συγγραφεδςοίος
616 2634 674 2719 υόχ
693 2636 810 2724 ἐτερος,
832 2635 995 2711 ώνεῖσθαι
1011 2635 1053 2705 τὰ
1068 2641 1192 2724 βιβλία,
1212 2635 1262 2718 ιδς

230 2740 456 2828 ἐπαληθεόοις
468 2738 545 2819 τοὺς
559 2739 714 2819 ἐπαίνους
727 2737 844 2807 αότών.
871 2744 957 2828 φασί
971 2741 1008 2807 δέ
1019 2762 1057 2808 σε
1074 2743 1130 2807 καὶ
1142 2741 1262 2826 λόγους

231 2840 483 2916 ἐπιδείκνυσθαι
502 2839 613 2921 αότοῖς
632 2842 689 2910 ἐπὶ
707 2845 830 2929 δείπνῳ
844 2839 1011 2922 κάκείνσυς
1021 2847 1184 2930 χερσαίων
1196 2848 1261 2926 βα-

228 2945 357 3032 τράχων
376 2946 465 3030 δίκην
485 2945 653 3029 διψῶντας
670 2938 866 3031 κεκραγέναι,
886 2946 941 3010 καί
958 2942 1002 3032 μὴ
1013 2949 1145 3037 πίνειν,
1156 2940 1194 3031 ἢν
1210 2943 1259 3030 μὴ
1274 2996 1279 3011 .

118 3090 121 3101 «
229 3048 434 3136 διαρραγῶσι
454 3052 605 3132 βοώντες.
645 3047 701 3112 καὶ
721 3044 783 3133 γάρ
807 3044 865 3117 οόκ
886 3042 951 3113 οἷδ’
968 3041 1062 3126 ὅπως
1084 3049 1205 3138 ῥᾷστος
1227 3043 1262 3114 εί

228 3155 286 3238 τῆς
300 3147 388 3236 ῥινὸς
403 3148 567 3230 ἐλκεσθαι,
587 3152 641 3215 καί
654 3148 821 3228 πιστεόεις
835 3143 948 3227 αὐτοῖς
961 3143 1101 3230 ἅπαντα,
1122 3144 1159 3228 δς
1175 3173 1261 3219 ποτε

228 3249 363 3319 κάκεῖνο
380 3250 555 3339 ἐπείσθης,
585 3249 630 3331 ώς
651 3253 786 3336 βασιλεῖ
804 3277 871 3318 τινι
893 3247 1076 3338 ὡμοιώθης
1096 3249 1154 3337 τὴν
1177 3247 1260 3337 όψικ
1304 3320 1312 3341 Ι

227 3354 387 3439 καθάπερ
410 3350 428 3420 δ
452 3355 736 3440 ψευδαλέξανδρος
757 3356 813 3420 καὶ
833 3352 1111 3440 ψευδοφίλιππος
1137 3350 1259 3431 ἐκεῖνος

229 3454 371 3543 κναφεὺς
388 3457 442 3523 καὶ
461 3453 579 3522 όκατδι
600 3454 678 3535 τοὺς
699 3450 916 3544 προπάτορας
936 3451 1028 3542 ἡμῶν
1049 3455 1259 3542 ψευδονέρων

177 3577 208 3630 21
229 3560 285 3625 καί
303 3557 336 3624 εί
350 3581 402 3636 τις
420 3554 518 3637 ἄλλος
534 3564 598 3624 τῶν
615 3554 682 3624 ὖπδ
700 3555 739 3624 τὸ
758 3558 883 3642 ψεῦδος
903 3563 1116 3644 τεταγμένων.
1152 3559 1209 3623 καί
1223 3560 1261 3624 τί

229 3656 426 3745 θαυμαστὸν
456 3660 487 3749 εἰ
512 3666 610 3726 τοῦτο
627 3658 770 3740 Υἐπαθες
800 3656 938 3747 ἀνόητος
968 3662 1024 3726 καὶ
1055 3655 1258 3735 ἀπαίδευτος

231 3761 413 3853 άνθρωπος
434 3764 490 3828 καί
510 3762 648 3855 προῄεις
670 3760 871 3844 ἐξυπτιάζων
892 3765 949 3828 καί
973 3761 1175 3847 μιμούμενος
1194 3758 1259 3843 βά-

157 3933 159 3937 .
231 3865 334 3949 δισμα
351 3867 407 3932 καὶ
429 3869 536 3951 σχῆμα
553 3865 607 3929 καὶ
624 3866 754 3949 βλέμμα
772 3862 893 3933 ἐκείνου
917 3854 944 3950 ᾦ
967 3860 1105 3930 σεαυτὸν
1123 3860 1259 3941 εἰκάζων

231 3965 367 4057 ἔχαιρες,
388 3962 474 4035 ὅπου
493 3968 548 4032 καὶ
566 3966 693 4055 Πύρρον
711 3968 796 4054 φασὶ
813 3962 870 4034 τὸν
884 3963 1095 4057 Ἠπειρώτην,
1114 3961 1157 4031 τὰ
1174 3959 1259 4028 wa
