2792 4580
229 264 233 281 ·
244 231 308 298 186
631 239 885 297 ΛΟΥΚΙΑΝΟΥ

242 345 402 438 ἀρχοντα,
409 345 537 427 εἰδέναι
554 352 588 413 τί
605 370 660 414 σοι
672 341 767 434 ἥδιον
781 343 898 413 αἰτεῖν·
918 341 981 431 ἐγὼ
996 343 1087 416 δέτά
1100 370 1139 432 γε
1151 346 1273 421 δυνατά

243 448 303 519 οὐκ
320 448 488 518 ἀνανεύσω
505 447 592 536 πρὸς
608 447 667 536 τήν
684 447 788 534 εόχήν.
874 534 878 545 Ι

295 569 364 624 IEP.
395 549 490 621 Ἀλλὰ
507 553 615 619 πάλαι
637 550 811 634 ἐ’σκεμμαι·
834 546 900 638 ἔριά
916 547 980 638 γάρ
1000 548 1044 617 τό·
1064 547 1160 619 κοινά
1176 554 1272 623 ταυτί

241 658 299 724 καί
310 679 481 744 προχείρου,
495 656 641 722 πλοῦτον
651 655 708 720 καί
717 650 837 741 χρυσόν
850 649 956 720 πολὺν
968 654 1024 722 καὶ
1033 647 1140 741 ἀγρῶν
1150 654 1274 725 δεσπό-

241 784 301 848 της
319 754 404 826 εἶναι
424 759 480 825 καὶ
503 752 699 846 ἀνδράποδα
720 752 829 824 πολλὰ
851 760 1032 843 κεκτῆσθαι
1052 758 1109 823 καί
1126 754 1274 844 ἐσθῆτας

241 856 399 941 εάανθεῖς
409 862 466 927 καί
475 856 626 946 μαλακὰς
637 860 694 924 καὶ
707 852 847 945 ἄργυρον
857 860 914 931 καί
927 857 1089 946 ἐλέφαντα
1101 861 1157 926 καὶ
1169 855 1275 929 τάλλα

239 959 357 1032 Ιδπόσα
372 969 477 1048 τίμια.
503 961 628 1030 τούτων
642 950 707 1041 οὖν,
728 951 884 1050 ὦάριστε
897 961 1010 1047 Κρόνε,
1031 961 1124 1029 δίδου
1138 985 1207 1047 μοι,
1228 957 1275 1042 ὥς
1324 950 1327 955 ’
1349 962 1359 977 ’

242 1094 278 1135 τι
293 1069 350 1133 καὶ
363 1064 463 1133 αάτδν
477 1062 668 1132 ἀπολαῦσαι
680 1069 738 1151 τής
753 1069 812 1151 σής
826 1059 925 1151 ἀρχῆς
937 1064 1021 1151 μηδὲ
1036 1060 1174 1154 ἀμοιρον
1188 1059 1275 1135 εἶναι

245 1168 346 1261 μόνον
365 1164 472 1237 αάτιῦν
491 1164 547 1234 διὰ
564 1156 691 1244 παντὸς
706 1170 765 1235 τοῦ
782 1164 891 1250 βίον(

206 1294 225 1344 κ
293 1284 405 1342 ΚΡΟΝ.
436 1265 542 1359 Ὁρᾷςς
565 1265 603 1336 οά
621 1264 690 1336 κατ’
707 1266 764 1353 ἐμὲ
780 1274 879 1335 τοῦτο
896 1262 1035 1355 ᾔτησας·
1058 1264 1096 1335 οά
1114 1265 1175 1356 γάρ
1195 1266 1275 1353 ἐμὸν

244 1374 409 1458 διανέμειν
436 1370 479 1439 τά
505 1377 655 1439 τοιαῦτα.
701 1365 787 1437 ὥστε
807 1369 852 1458 μὴ
880 1368 989 1453 ἀχθου
1021 1369 1052 1437 εέ
1077 1365 1276 1458 ἀτυχήσειας

244 1472 362 1556 αὐτῶν,
386 1472 454 1543 ἀλλ’
471 1475 557 1542 α’ίτει
578 1471 672 1562 παρὰ
693 1479 752 1540 τοῦ
770 1471 865 1554 Διὸς,
889 1469 1017 1543 δπόταν
1040 1471 1087 1553 εἷς
1110 1472 1231 1543 ἐκεῖνον
1253 1470 1275 1561 ἦ

241 1573 324 1667 ἀρχὴ
343 1580 506 1665 περιέλθῃ
523 1572 592 1661 μετ’
609 1573 731 1662 ὀλίγον.
765 1572 828 1661 ἐγὼ
847 1570 877 1641 δ’
892 1572 950 1643 ἐπὶ
967 1577 1078 1665 ῥητοῖς
1096 1578 1277 1664 παραλαμ-
1305 1597 1311 1607 ·

240 1680 332 1766 βάντι
359 1678 415 1768 τὴν
439 1680 640 1748 δυναστείαν.
680 1675 766 1744 δπτά
787 1677 846 1761 μέν
866 1673 995 1766 ἡμερῶν
1017 1675 1036 1767 ἡ
1059 1684 1156 1747 πᾶσα
1175 1683 1277 1763 βασι-

72 1824 77 1831 ·
124 1861 128 1874 ὓ
241 1784 324 1862 λεία,
343 1783 398 1850 καὶ
411 1777 450 1870 ἢν
464 1780 695 1867 ἐκπρόθεσμος
707 1779 833 1847 τούτων
846 1784 999 1867 γένωμαι,
1020 1780 1155 1869 ἰδιώτης
1171 1777 1277 1861 εάθός

240 1883 314 1968 είμι
330 1886 386 1951 καὶ
406 1889 465 1951 τοῦ
487 1885 614 1975 πολλοῦ
638 1880 743 1969 δήμου
761 1880 825 1961 είς·
852 1880 885 1949 ἐν
903 1879 1019 1962 αόταῖς
1041 1884 1077 1953 δέ
1094 1895 1168 1963 ταῖς
1186 1882 1277 1955 ἑπτὰ

242 1986 428 2071 σπουδαῖον
453 1986 512 2071 μέν
539 1982 634 2053 οὐδὲν
660 1981 739 2051 οὐδὲ
763 1980 921 2074 ἀγοραῖον
948 1985 1188 2074 διοικήσασθαί
1212 2011 1278 2070 μοι

240 2088 498 2177 συγκεχώρηται,
523 2093 630 2156 πίνειν
653 2088 689 2154 δέ
710 2089 765 2155 καὶ
781 2087 921 2172 μεθόειν
943 2090 998 2155 καὶ
1018 2094 1100 2174 βοᾶν
1118 2091 1174 2156 καὶ
1191 2094 1279 2157 παί-

154 2213 155 2216 ’
240 2191 306 2273 ζειν
323 2194 380 2260 καί
395 2191 542 2277 κυβεύειν
555 2192 611 2258 καλ
624 2186 786 2279 ἀρχοντας
800 2190 1002 2259 καθιστάναι
1019 2189 1169 2272 καὶτοὺς
1187 2191 1277 2261 υέκέ-
1308 2186 1312 2191 “

239 2306 301 2373 τας
323 2291 457 2376 εὐωχεῖν
475 2295 533 2361 καί
553 2292 673 2381 γυμνὸν
695 2289 787 2382 ᾄδειν
808 2296 865 2361 καὶ
884 2305 1011 2383 κροτεῖν
1032 2290 1273 2383 δποτρέμοντα,
1379 2300 1380 2375 ξ

241 2394 346 2465 ἐνίοτε
368 2397 482 2465 δὲκαὶ
505 2391 664 2482 εἰςόδωρ
692 2394 819 2485 ψυχρὸν
846 2394 903 2463 ἐπὶ
927 2394 1071 2484 κεφαλήν
1098 2392 1276 2467 ὠθεῖσθαι
1379 2424 1380 2429 ’

241 2494 376 2586 ἀσβόλῳ
406 2503 592 2587 κεχριμένον
621 2497 661 2565 τὸ
687 2497 881 2586 πρόσωπον.
924 2504 1030 2566 ταῦτα
1057 2497 1189 2588 ἐφεῖταί
1212 2523 1276 2584 μοι

241 2612 361 2668 ποιεῖν.
396 2599 440 2668 τδι
461 2600 588 2686 μεγάλα
610 2600 646 2668 δέ
670 2598 789 2682 ἐκεῖνα,
812 2598 869 2669 τὸν
890 2603 1034 2670 πλοῦτον
1057 2597 1172 2669 καὶτὸ
1192 2626 1275 2689 χρυ.

243 2707 324 2783 σίου,
345 2699 363 2772 δ
381 2701 464 2782 Ζεὺς
481 2702 675 2773 διαδίδωσιν
692 2700 744 2782 οῖς
762 2698 802 2773 ἀν
820 2700 933 2791 ἐθίλγγ,
967 2755 969 2759 -

206 2824 225 2874 ε
293 2821 365 2876 ΙΕΡ.
395 2801 473 2873 Ἀλλ’
490 2801 561 2872 οὐδ’
577 2804 710 2886 ἐκεῖνος,
736 2797 763 2870 ὦ
781 2805 899 2893 Κρόνε,
924 2805 1047 2893 ῥαδίως
1063 2809 1119 2877 καὶ
1136 2810 1294 2902 προχεί(

241 2932 319 2994 ριος.
354 2905 417 2994 ἐγὼ
434 2912 512 2993 γοῦν
529 2902 589 2995 ήδρ
609 2904 820 2996 ἀπηγόρευκα
837 2905 938 2977 αἰτῶν
959 2908 1083 2996 μεγάλῃ
1105 2913 1146 2996 τῇ
1164 2914 1271 2998 φωνῇ,

241 3007 260 3077 δ
285 3006 317 3077 δ’
332 3006 391 3079 οάκ
408 3007 520 3078 ἐποίει
540 3007 580 3077 τὸ
597 3009 768 3098 παράπαν,
793 3005 878 3077 ἀλλά
898 3006 956 3097 τὴν
978 3010 1092 3096 αἰγίδα
1114 3009 1273 3081 ἐπισείων

239 3113 297 3181 καί
312 3109 370 3181 τὸν
382 3108 535 3200 κεραυνὸν
548 3111 838 3198 ἐπανατεινόμενος
851 3110 949 3200 δριμὺ
964 3111 1084 3202 ἐνορῶν
1098 3110 1274 3200 ἐκπλήττει
1307 3196 1311 3199 ,

238 3212 318 3295 τοὺς
335 3213 557 3298 ἐνοχλοῦντας·
574 3211 612 3303 ἢν
631 3216 668 3282 δέ
680 3240 764 3284 ποτε
776 3217 833 3283 καί
846 3213 1001 3304 ἐπινεύσῃ
1014 3217 1079 3283 τινὶ
1092 3218 1148 3283 καὶ
1165 3216 1273 3284 πλεό-

239 3340 313 3385 σιον
331 3322 427 3407 ποιῇ,
452 3314 539 3385 πολὺ
554 3314 597 3412 τὸ
616 3315 748 3403 ἀκριτον
766 3316 929 3400 ἐνταῦθα,
952 3316 1101 3399 καὶτοὺς
1119 3315 1274 3406 ἀγαθοὺς

238 3418 344 3487 ἐνίοτε
361 3423 417 3487 καί
434 3417 586 3500 συνετοὺς
603 3415 710 3509 ἀφεὶς,
730 3417 748 3486 ὁ
768 3420 804 3486 δέ
821 3419 1054 3509 παμπονήροις
1071 3445 1107 3488 τε
1124 3422 1180 3515 καί
1193 3417 1272 3489 ἀνο-

239 3521 333 3608 ήτοις
348 3516 490 3609 ἀνδράσι
506 3532 638 3610 περιχεῖ
652 3519 709 3588 τὸν
727 3523 879 3605 πλοῦτον,
902 3527 1095 3611 μαστιγίαις
1112 3519 1133 3611 ἢ
1151 3518 1270 3610 ἀνδρο-

239 3624 350 3710 γόνοις
375 3630 453 3703 τοῖς
472 3625 642 3703 πλείστοις
668 3619 787 3695 αὐτῶν.
829 3622 916 3714 πλὴν
941 3624 984 3695 τά
1005 3649 1042 3714 γε
1064 3627 1119 3695 σοί
1144 3622 1268 3695 δυνατὰ

240 3725 349 3797 ἐθέλον
366 3725 491 3797 εἰδέναι
507 3731 581 3795 τίνα
596 3726 701 3797 ταῦτά
719 3725 816 3799 ἐστιν,

205 3849 225 3927 ,⁴
291 3844 402 3905 Krou.
439 3824 482 3899 Οά
499 3827 601 3921 μικρὰ
623 3826 710 3911 δ’λιος
731 3826 808 3905 οάδλ
824 3829 1039 3901 πεντάπουν
1061 3828 1268 3922 εδκαταφρό·

238 3952 319 4017 νήια
344 3926 399 4013 ὥς·
417 3929 503 4021 πρὸς
527 3930 585 4022 τὴν
612 3934 748 4020 δύναμιν
774 3931 989 4017 ἐξετάζεσθαι
1009 3939 1068 4024 τῆς
1089 3934 1267 4021 συμπάσης

241 4028 355 4125 ἀρχῆς,
377 4034 410 4109 τί
425 4036 474 4125 μή
489 4041 547 4109 σοί
562 4062 599 4126 γε
615 4036 732 4129 μικρὸν
750 4038 841 4113 δοκεῖ
856 4034 894 4109 τδ
911 4043 1003 4113 νικᾶν
1020 4039 1199 4127 κυβεύοντα
1212 4034 1266 4111 κτλ
1378 4046 1380 4051 ’
