2782 4574
315 194 421 253 LXVL
446 193 611 251 ΠΛΟΙΟἩ
627 194 663 250 Η
679 194 816 253 ΕΥΧΑῙ
835 194 879 252 45.
891 196 935 253 46.
1078 182 1143 251 129

112 303 249 383 ἔθνεσιν,
270 296 333 369 ὅσα
351 296 552 390 ύπερέπτης,
571 305 708 391 γέροντα
724 297 786 391 ήδη
805 298 910 392 άνδρα
928 296 1013 369 ούτυε
1031 327 1144 389 παρα-

111 404 297 494 κεκινηκότα
309 402 371 493 τήν
388 405 528 492 γνύμην,
552 403 610 481 ὀπί
628 406 802 477 δακτυλίου
819 411 938 492 μικροῦ
956 401 1141 491 ὀχούμενον,

110 506 168 600 όρη
187 505 250 577 όλα
271 520 371 576 κινεῖν
394 504 484 597 άκρφ
506 514 554 596 τῷ
577 506 725 595 δακτύλῳ
749 509 935 593 δυνάμενον,
959 507 1143 597 ἐπέραστον

111 619 203 695 πᾶσι,
223 614 280 678 καί
297 616 402 680 ταῦτα
416 607 584 700 φαλακρὸν
603 606 682 679 ὀντα
695 614 750 677 καί
763 609 820 698 τήν
834 613 907 700 ῥῖνα
921 611 1028 695 σιμόν.
1057 607 1142 701 ὀτὰρ

114 715 185 785 εἰπέ
201 739 262 799 μοι
281 716 337 781 καί
353 713 446 797 τάδε,
465 718 499 778 τί
513 713 552 800 δή
571 737 654 781 ποτε
671 709 731 796 οὐχ
748 710 796 791 είς
814 707 987 793 δακτύλιος
1009 708 1143 781 ἅπαντα

113 823 215 893 ταῦτα
222 817 435 897 δύκαταίσοι,
448 813 534 882 ἀλλὰ
541 816 721 895 τοσούτους
729 820 950 904 περιημμένος
957 817 1068 905 βαδιῇ,
1083 813 1142 904 τήν
1218 890 1230 901 ,

114 916 287 1009 ὀρισσερδν
301 924 568 1008 πεφορτισμένος
584 916 669 999 κατὰ
687 919 846 987 δάκτυλον
868 917 942 1001 ἕνας
963 920 1087 1004 μᾶλλον
1105 918 1143 989 δδ

111 1020 289 1112 δπερπαίιι
307 1017 328 1090 ὀ
345 1019 506 1111 ἀριθμὸς,
529 1022 585 1089 καὶ
604 1022 715 1110 δεήσει
732 1024 787 1089 καί
803 1019 861 1111 τὴν
878 1019 989 1103 δεξιάν
1007 1044 1144 1090 συνεπι-

110 1128 229 1211 λαβεῖν.
257 1129 366 1193 καίτοι
384 1123 455 1204 ἑνὸς
472 1130 532 1195 τού
544 1120 806 1212 ὀναγκαιοτότου
818 1125 970 1213 προσδεῖ,
992 1120 1029 1203 ὃς
1045 1148 1147 1213 περι·ι
1165 1148 1175 1155 ·

110 1227 250 1314 θέμενύν
267 1252 306 1296 σε
321 1227 449 1296 παύσει
459 1233 677 1317 μαραίνοιιτα,
697 1226 758 1317 τήν
771 1227 896 1314 πολλήν
907 1227 1028 1315 ταύτην
1046 1223 1144 1315 κόρυ-

111 1331 166 1414 ζαν
180 1326 369 1417 άπεμύξας.
390 1327 413 1418 ή
421 1336 518 1398 τοῦτο
527 1331 585 1416 μὲν
594 1333 650 1398 καὶ
663 1327 681 1398 δ
692 1330 866 1420 ἑλλέβορος
877 1327 987 1409 ἱκανὸς
999 1335 1144 1417 ποιήσαι

112 1433 293 1523 ζωρότερος
310 1438 451 1531 ποθείς,·
606 1443 612 1454 ’
680 1490 684 1495 .

158 1552 238 1608 Tm
273 1533 365 1605 Ἀλλὰ
381 1536 524 1618 πάντας,
545 1526 573 1603 ιό
589 1547 724 1617 Λυκῖνε,
742 1538 799 1604 καλ
816 1531 916 1615 αδτδς
934 1530 1009 1624 εύξη
1027 1560 1062 1602 τι
1079 1529 1141 1622 ήδη
1160 1553 1196 1604 46

108 1641 205 1722 ποτδ,
230 1635 334 1720 ὥςόἳυ
350 1638 516 1725 μάθοιμεν
532 1637 588 1707 ολα
611 1639 757 1728 αίτήσεις
779 1634 988 1727 ἀνεπίληπτα
1008 1640 1066 1705 καλ
1087 1633 1145 1704 ἇν-

108 1745 246 1832 ίγιλητα
264 1737 282 1810 δ
301 1747 516 1832 συκοφαντῶν
532 1740 611 1822 τοὺς
629 1739 759 1824 ἄλλους.
1004 1796 1008 1801 .

158 1860 244 1915 ΛΥΚ
275 1840 354 1913 Ἀλλ’
371 1841 410 1913 ού
430 1846 548 1930 δέομαι
566 1842 669 1934 εόχής
677 1846 756 1933 έγιύ’
777 1840 897 1934 ήκομεν
914 1842 977 1933 γάρ
999 1839 1145 1932 δήπρὸς

106 1945 147 2019 εδ
164 1949 322 2030 Δίπυλον,
340 1950 398 2017 καὶ
416 1944 434 2014 δ
451 1950 621 2034 βέλτιστος
639 1944 754 2016 ούτοσί
765 1950 949 2034 Σάμιππος
967 1943 1055 2035 ἀμφὶ
1073 1955 1145 2014 Βα-

104 2052 240 2137 βυλῶνα
256 2056 460 2135 μονομαχῶν,
485 2053 541 2117 καί
558 2048 599 2117 σὺ
603 2102 613 2132 ,
639 2040 666 2116 ιό
687 2050 843 2135 Τιμόλαε,
867 2047 1011 2138 ἀριστῶν
1033 2049 1092 2132 μὲν
1110 2047 1144 2115 δν

104 2157 226 2242 Συρίη,
250 2153 392 2223 δειπνῶν
408 2154 446 2221 δὲ
467 2149 636 2241 δυἸταλίᾳ
657 2155 713 2219 καί
734 2164 805 2235 τοῖς
826 2151 903 2238 δμολ
925 2150 1145 2237 ἐπιβάλλουσι

105 2255 258 2334 σταδίοις
271 2256 520 2343 κατεχρήσασθε
532 2258 640 2334 καλῶς
652 2260 842 2335 ποιοῦντες·
860 2251 968 2334 άλλως
981 2279 1017 2321 τε
1031 2250 1091 2322 οόκ
1103 2249 1144 2320 ὀλο

105 2359 265 2445 δεξαίμην
287 2358 478 2451 πλουτήσας
500 2354 551 2427 ἐπ’
566 2355 679 2447 ὀλίγον
699 2353 881 2447 ύπηνίμιόν
899 2383 977 2426 τινα
997 2359 1145 2426 πλοῦτον

105 2456 274 2539 άνιᾶσθαι
290 2457 358 2546 μετ’
374 2457 484 2548 ὀλίγον
501 2458 603 2551 ψιλήν
618 2458 676 2549 τήν
693 2461 801 2546 μάζαν
818 2460 952 2544 ἐσθίειν,
976 2459 1034 2533 σία
1050 2456 1146 2546 ὖμεῖς

104 2568 274 2631 πείσεσθε
284 2560 354 2648 μετ’
367 2560 486 2651 ὀλίγον,
502 2562 638 2633 δπειδδν
651 2562 671 2651 ἡ
687 2561 880 2651 εὐδαιμονία
892 2565 951 2651 μὲν
964 2562 1041 2650 ὑμῖν
1054 2568 1110 2631 καί
1124 2560 1145 2632 δ

103 2669 214 2747 πολυς
223 2669 368 2747 πλοῦτος
380 2668 511 2754 οἴχηται
523 2663 769 2751 ἀποπτάμενος,
785 2666 882 2738 αότολ
896 2670 932 2736 δὲ
944 2667 1146 2753 καταβάντες
1207 2750 1215 2756 ,

103 2765 178 2841 άπὸ
188 2776 254 2841 τῶν
265 2776 448 2858 θησαυρῶν
459 2772 564 2841 τεκαὶ
584 2770 804 2858 διαδημάτων,
821 2766 935 2858 ὥσπερ
953 2770 991 2852 ἐξ
1006 2768 1143 2858 ἡδίστου

103 2868 279 2961 ὀνείρατος
288 2869 507 2961 ἀνεγρόμενοι,
524 2870 667 2958 ὀνόμοια
673 2872 716 2945 τὰ
726 2872 784 2943 έπί
791 2880 850 2961 τῆς
860 2873 966 2953 οἰκίας
976 2869 1146 2961 εύρίσκητε

104 2970 226 3061 ὥσπερ
239 2975 274 3047 οἱ
286 2973 365 3054 τοὺς
377 2978 528 3060 βασιλεῖς
539 2972 792 3063 ὑποκρινόμενοι
808 2978 975 3066 τραγῳδοὶ
993 2975 1146 3059 ἐξελθόν-

101 3074 242 3160 τεςάπδ
251 3083 310 3147 τοῦ
319 3078 477 3165 θεάτρου,
488 3078 704 3161 λιμώττοντες
714 3080 747 3146 ολ
755 3081 885 3161 πολλοὶ,
900 3082 1069 3147 καὶταῦτα
1077 3076 1146 3169 πρὸ

103 3176 460 3267 ὀλίγουδίγαμέμνονες
474 3176 566 3260 ὀντες
578 3176 600 3271 ή
613 3186 780 3271 Κρέοντες.
808 3182 1003 3270 λυπήσεσθε
1017 3171 1084 3265 οόν,
1099 3177 1147 3261 ὥς

102 3280 147 3355 τὸ
161 3278 260 3364 είκδς,
273 3285 330 3351 κοιλ
343 3284 542 3381 δυσάρεστοι
555 3282 676 3355 ίσεσθε
688 3283 731 3355 τὰ
745 3283 803 3357 ἐπί
815 3291 873 3373 τῆς
882 3283 998 3364 οίκίας,
1013 3285 1069 3351 καί
1080 3282 1147 3367 μά-

102 3387 208 3461 λιστα
226 3383 277 3468 σδ,
297 3377 324 3453 ὦ
346 3388 501 3473 Τιμόλαε,
522 3384 648 3459 ὁπόταν
665 3390 724 3479 δίη
743 3411 781 3457 σε
797 3386 836 3461 τὸ
855 3384 935 3459 αότὸ
953 3392 1081 3459 παθεῖν
1097 3391 1146 3474 τῷ
1179 3392 1192 3411 “

98 3484 220 3578 Ἰκάρφ
238 3495 296 3578 τής
313 3493 513 3578 πτερώσεως
531 3493 760 3581 διαλυθείσης,
784 3491 1016 3565 καταπεσόντα
1032 3488 1070 3559 bn
1085 3493 1147 3561 τοῦ

104 3588 253 3680 ούρανοῦ
265 3597 370 3678 χαμαί
380 3595 527 3681 βαδίζειν
541 3592 752 3667 ἀπολέσαντα
764 3594 843 3677 τοὺς
857 3597 1050 3674 δακτυλίους
1064 3593 1147 3663 δειελ-

102 3720 186 3779 νους
210 3690 360 3778 ἅπαντας
380 3693 606 3789 άπορρυέντας
627 3706 692 3769 τῶν
715 3700 891 3769 δακτύλιον.
936 3698 1011 3781 έμοί
1031 3697 1070 3763 δὲ
1089 3699 1153 3767 καλ

102 3803 210 3866 τοῦτο
230 3796 339 3867 λκανδν
358 3796 430 3868 ἀντὶ
446 3803 581 3870 πάντων
598 3809 779 3892 θησαυρῶν
797 3804 854 3869 καὶ
869 3803 1069 3887 Βαβυλιόκος
1086 3795 1162 3869 αά-·

100 3907 178 3991 τῆς,
199 3900 238 3969 τὸ
252 3902 392 3990 γελάσαι
403 3905 495 3989 μάλα
508 3900 613 3993 ήδέιδς
631 3903 682 4001 ἐφ’
694 3904 746 3986 οίς
762 3894 857 3990 ,ὑμεῖς
872 3901 1147 3993 ᾗτήσατετοιυύ-

100 4029 183 4083 τοις
202 3995 287 4087 οόσι,
306 4004 484 4076 καὶταῦτα
503 4011 708 4099 φιλοσοφίαν
727 4007 947 4090 ἐπαινοῦντες.

165 4107 361 4153 λιισὶαιείυοί.ίίί.
958 4113 976 4168 9
