2792 4580
174 194 177 199 ⁴
242 202 307 268 τεο
628 212 884 272 on-mmor
1190 294 1192 305 Ι

238 324 295 391 καλ
316 317 449 410 άφυλλοι
470 321 526 388 καί
546 318 583 387 οἱ
606 321 763 405 λειμῶνες
788 315 938 408 δι”μορφσι
960 321 1019 388 καλ
1041 316 1273 409 ἀπηνθηκότες

238 427 295 492 καλ
318 424 351 493 ολ
371 421 551 509 άνθρωποι
573 420 807 511 ἐπικεκυφότες
830 418 1002 512 ῶσπερόλ
1022 422 1110 491 πάνυ
1136 444 1273 512 γεγηρα-
1386 404 1387 471 3

239 527 342 609 κάτες,
362 522 451 615 ἀμφὶ
468 522 526 613 τὴν
543 526 679 610 κάμινον
697 524 878 608 ολπολλολ,
897 529 1073 612 τηνικαῦτα
1091 523 1272 616 ἐορτάζειςς
1386 526 1387 529 ’

242 627 280 699 οδ
306 628 369 719 γὰρ
391 627 611 715 πρεσβυτικός
635 652 673 715 γε
700 624 718 696 δ
744 626 860 716 καιρὸς
886 626 963 699 οὐδὲ
988 628 1178 716 ἐπιτήδειος
1201 643 1274 712 τοῖς

240 739 406 823 τρυφῶσι.
906 776 909 783 .
1251 788 1262 805 ,
1384 809 1388 837 ⁴

293 850 405 906 KPON.
432 833 546 904 Πολλά
558 858 600 920 με
614 830 805 923 ἀνακρίνεις,
825 826 853 901 ιδ
868 825 973 918 οὗτος,
987 831 1049 923 ἤδη
1063 841 1170 903 πίνειν
1188 837 1271 906 δίον.
1386 864 1389 931 η

179 984 186 997 1
241 939 434 1028 παρῄρησαι
459 943 537 1026 γοῦν
562 961 626 1022 μου
647 937 764 1024 χρόνον
785 936 980 1034 τῆςθέορτῆς
1002 933 1061 1006 οὔκ
1084 932 1203 1025 ὀλίγον,
1231 936 1271 1006 οὗ
1388 972 1389 983 ³

241 1042 329 1110 πάνυ
348 1038 509 1128 άναγκαῖά
526 1065 587 1125 μοι
602 1046 708 1108 ταῦτα
720 1044 1018 1129 προσφιλοσοφῶν.
1046 1034 1132 1109 δίστε
1144 1046 1199 1108 νῦν
1212 1042 1271 1125 μέν

242 1141 328 1233 άφες
346 1139 443 1225 αὐτὰ,
468 1139 674 1228 εὐωχώμεθα
693 1144 728 1210 δέ
746 1138 807 1231 ἤδη
826 1145 882 1210 καὶ
898 1150 1064 1231 κροτῶμεν
1085 1145 1141 1210 καὶ
1159 1141 1216 1211 ἐπὶ
1231 1148 1273 1233 τῇ
1389 1168 1390 1171 ’

241 1245 337 1337 ἐορτῇ
361 1245 654 1336 ἐλευθεριάζωμεν,
683 1243 756 1314 εἶτα
776 1243 986 1331 πεττεύωμεν
1012 1244 1046 1325 ἐς
1071 1244 1110 1314 τὸ
1137 1242 1274 1332 ἀρχαῖον

242 1347 299 1417 ἐπὶ
317 1350 445 1441 καρύων
463 1352 519 1417 καὶ
534 1351 695 1435 βασιλέας
709 1354 946 1436 χειροτονῶμεν
963 1350 1019 1416 καὶ
1036 1354 1274 1437 πειθαρχῶμεν

241 1449 370 1532 αὐτοῖς·
398 1448 484 1520 οὕτω
507 1450 570 1540 γάρ
593 1448 633 1520 άν
654 1450 712 1539 τὴν
734 1457 917 1538 παροιμίαν
940 1451 1223 1539 ἐπαληθεύσαιμι,
1250 1447 1274 1539 ἥ

216 1640 218 1649 η
241 1579 326 1645 φησι
342 1556 577 1640 παλίμπαιδας
593 1552 670 1634 τοὺς
686 1559 841 1645 γέροντας
857 1559 1040 1642 γίγνεσθαι.

286 1675 361 1731 [ΕΡ.
389 1655 483 1726 Ἀλλὰ
499 1656 544 1745 μὴ
564 1657 697 1725 δύναιτο
716 1659 826 1745 διψῶν
844 1648 992 1740 πιεῖν,ῶ
1009 1657 1123 1746 Κρόνε,
1144 1652 1211 1744 δ’τφ
1227 1655 1273 1746 μὴ
1320 1663 1323 1668 ’
1391 1710 1392 1753 3

240 1767 346 1829 ταῦτα
365 1761 386 1827 ἃ
404 1763 509 1847 λέγεις
526 1757 619 1847 ἡδέα.
656 1755 741 1828 ῶστε
759 1765 919 1846 πίνωμεν·
948 1759 1043 1828 ἱκανὰ
1064 1758 1126 1850 γάρ
1151 1756 1275 1827 άποκέ-

241 1887 354 1952 κρισαι
378 1865 435 1930 καὶ
458 1861 501 1929 τὰ
530 1869 660 1952 πρῶτα.
704 1869 761 1930 καί
789 1888 848 1948 μοι
880 1865 966 1931 δοκῶ
997 1863 1210 1952 γραψάμενος
1240 1860 1275 1943 ἐς

240 1969 369 2053 βιβλίον
386 1965 507 2053 ταύτην
524 1962 616 2054 ἡμῶν
633 1963 691 2053 τὴν
709 1972 893 2047 συνουσίαν,
914 1961 937 2033 ά
953 1990 989 2034 τε
1003 1962 1104 2045 αὐτὸς
1116 1962 1274 2053 ἠρώτησα
1392 1992 1393 2011 ν

241 2071 297 2137 καὶ
315 2067 354 2137 σὺ
374 2068 460 2156 πρὸς
476 2075 580 2136 ταῦτα
598 2068 695 2147 ἵλεως
712 2066 876 2157 ἀπεκρίνω
882 2120 891 2151 ,
915 2071 1070 2156 παρέξειν
1088 2064 1273 2155 άναγνῶνοι
1337 2114 1345 2125 -

240 2178 306 2240 τῶν
324 2175 430 2262 φίλων
442 2167 523 2269 ,ὅσοι
540 2169 567 2259 γ’
584 2170 768 2243 ἐπακοῦσαι
785 2179 850 2239 τῶν
869 2176 936 2240 σῶν
953 2172 1059 2258 λόγων
1076 2167 1174 2254 άξιοι.

746 2350 772 2406 2.

599 2461 911 2518 ΚΡΟΝΟΣΟΔΩΝ.

189 2601 224 2651 10
296 2582 380 2652 Τάδε
397 2587 484 2672 λέγει
497 2584 713 2674 Κρονοσόλων
732 2583 837 2671 ἱερεὺς
853 2586 909 2652 καὶ
925 2584 1102 2674 προφήτης
1113 2590 1173 2653 τοῦ
1186 2586 1277 2673 Κρό-

240 2712 297 2755 νου
315 2690 371 2755 καὶ
389 2692 573 2776 νομοθέτης
588 2693 654 2755 τῶν
672 2684 762 2776 άμφλ
778 2686 836 2775 τὴν
853 2685 981 2775 ἑορτήν·
1001 2686 1023 2754 ἃ
1040 2685 1195 2772 μὲντοὺς
1212 2693 1278 2756 πέ-

241 2815 340 2876 νητας
359 2788 419 2879 χρὴ
444 2802 562 2873 ποιεῖν,
588 2787 702 2870 αὐτοῖς
724 2789 858 2870 ἐκείνοις
880 2789 1018 2878 έπεμψε
1040 2787 1122 2859 άλλο
1143 2793 1278 2877 βιβλίον

241 2883 419 2982 ἐγγράψας,
438 2895 494 2959 καλ
510 2883 547 2960 εὖ
565 2890 631 2962 οἶδ’
643 2889 698 2962 ὅτι
715 2893 891 2979 ἐμμενοῶσι
903 2890 1049 2961 κάκεῖνοι
1059 2904 1130 2973 τοῖς
1144 2893 1275 2978 νόμοις,

239 2990 262 3082 ἢ
275 2991 391 3060 αάτίκα
405 2995 511 3079 ἐνοχοι
523 2995 655 3065 ἔσονται
667 3009 739 3076 τοῖς
753 2995 934 3082 ἐπιτιμίοις
953 2995 975 3063 ἃ
994 2994 1079 3064 κατὰ
1092 3003 1157 3063 τῶν
1172 2993 1277 3066 ἄπει-

239 3096 391 3166 θούντων
407 3100 533 3187 μεγάλα
552 3095 702 3187 ὥρισται.
738 3096 832 3185 δμείς
855 3099 904 3183 δέ,
923 3090 956 3177 ,ῶ
974 3098 1147 3180 πλούσιοι,
1171 3096 1276 3189 ὁρᾶτε

241 3195 335 3280 ὅπως
355 3199 400 3290 μὴ
427 3204 683 3292 παρανομήσητε
709 3204 793 3292 μηδὲ
818 3203 1051 3291 παρακοόσητε
1075 3202 1180 3269 τῶνδε
1205 3209 1278 3270 τῶν

239 3305 518 3392 προσταγμάτων·
538 3303 584 3386 ῶς
602 3302 695 3385 ὅστις
708 3302 748 3374 δν
761 3302 848 3373 οδτω
862 3304 906 3394 μὴ
920 3306 1055 3394 ποιήσῃ,
1073 3306 1157 3374 ἰ’στω
1173 3294 1277 3384 οὗτος

241 3401 300 3473 οὐκ
317 3405 397 3491 ἐμοῦ
414 3414 599 3493 νομοθέτου
618 3405 799 3497 άμελήσων,
819 3405 888 3475 ἀλλ’
904 3407 937 3488 ἐς
953 3406 1011 3476 τὸν
1028 3408 1154 3497 Κρόνον
1172 3404 1277 3474 αὗτὸν

241 3503 427 3597 άσεβησων,
456 3506 494 3592 ὅς
514 3537 556 3596 με
578 3515 751 3600 προείλετο
773 3517 1000 3599 νομοθετῆσαι
1022 3508 1056 3589 ἐς
1075 3509 1134 3597 τὴν
1157 3506 1278 3599 ἑορτὴν

242 3607 302 3678 οάκ
320 3607 399 3699 δναρ
418 3612 572 3695 ἐπιστὰς,
597 3613 681 3682 ἀλλὰ
698 3613 813 3705 πρῴην
832 3613 1022 3702 ἐγρηγορότι
1040 3611 1175 3701 ἐναργὴς
1194 3636 1277 3699 συγ-

238 3714 421 3803 γενόμενος.
457 3706 496 3804 ἦν
518 3716 555 3783 δὲ
576 3714 614 3783 οὗ
636 3717 781 3806 πεδήτης
804 3712 880 3784 οόδέ
902 3713 1028 3801 αὐχμοῦ
1050 3719 1175 3798 πλέως,
1200 3712 1278 3782 οἷον

240 3814 340 3886 αὐτὸν
357 3817 391 3886 ολ
408 3819 580 3908 ζωγράφοι
595 3818 689 3910 παρὰ
707 3826 773 3888 τῶν
790 3820 897 3920 λήρων
914 3825 1063 3908 ποιητῶν
1079 3817 1278 3905 παραδεξά-

238 3945 333 4006 μενοι
351 3919 598 4005 ἐπιδείκνυνται,
619 3919 702 3989 άλλδι
719 3920 777 4010 τὴν
793 3921 852 4009 μέν
867 3917 975 4012 ἅρπην
988 3918 1054 4006 εἶχε
1067 3921 1154 3989 πάνυ
1167 3926 1278 4009 τεθη-

237 4027 370 4112 γμόιην·
387 4022 432 4093 τά
450 4021 481 4094 δ’
493 4021 577 4093 ἄλλα
594 4025 738 4116 φαιδρός
754 4046 791 4094 τε
808 4017 846 4116 ἦν
863 4026 919 4095 καί
936 4023 1092 4118 καρτερὸς
1105 4025 1160 4092 καί
1171 4028 1279 4110 βασι-
