2752 4574
302 228 451 286 LXXVII.
478 228 790 287 *monum
813 230 916 285 7-12.
1022 274 1028 284 .
1056 217 1129 287 283

83 339 172 413 θεοί
189 334 309 415 ἐνδεεῖς
330 332 408 401 εἰσι.
442 332 550 421 ζωσης
572 334 664 403 δ
630 331 722 403 τίτὸ
743 333 920 422 χρήσιμον,
942 356 1130 422 προσηται-

83 437 234 530 ρίζεσσέ
234 464 252 519 ς
268 432 515 518 πανδοχεῖον
493 462 513 523 η
533 440 680 546 κρυφίως
698 442 862 525 συνεφδεί
862 460 937 527 ρετο
955 436 1066 507 καί’
1027 462 1142 527 κορην,

87 541 195 631 αὑτήν
211 537 424 623 ἐπωνόμαζες

85 659 239 719 ΙΚΡΙΤ.
273 637 326 727 Νὴ
348 636 407 709 τὸν
426 635 653 727 Amazon}
654 637 845 730 νΛίίήναις
866 618 1037 731 παρθένος
1060 642 1130 713 διέ-
1148 706 1151 711 .

85 766 181 833 μεινε
198 749 296 833 μέχρι
313 749 372 831 τῆς
390 739 590 830 ἀποτομῆς
1229 830 1234 840 ,

141 862 266 917 ΤΡΙΕΦ.
301 844 420 912 Καί”
386 869 417 939 ει
433 870 485 924 τις
502 849 673 933 παρθένον
690 844 940 934 καρατομήσαιε,
959 851 1057 915 τοῦτο
1074 842 1131 933 γό-

86 974 182 1023 νοιτο
206 948 374 1038 φόβητρον
396 959 468 1031 τοῖς
493 950 648 1031 πολλοῑς,·
675 943 750 1014 οἶδα
776 946 838 1036 γὰρ
865 951 987 1038 μυρίας
1013 949 1130 1032 διομε-

88 1052 200 1120 λεῑστὶ
216 1054 403 1137 τμηθείσας
421 1046 534 1136 “νήσηι
554 1048 587 1116 ἐν
605 1046 790 1138 ἀμφιρύτῃ,
814 1049 943 1138 Κρήτην
966 1050 1003 1117 δέ
1019 1054 1057 1121 τέ
1072 1076 1129 1133 μιν

87 1148 278 1227 καλέουσι.”
306 1153 362 1219 καί
367 1151 406 1219 ει
416 1176 515 1227 τουτο
531 1142 762 1239 ἐγίνωσκον,
735 1177 761 1221 ω
780 1152 857 1221 καλέ
870 1157 999 1240 Κριτία,
1019 1152 1130 1231 πόσας

90 1256 259 1343 Γοργόνας
282 1278 336 1321 σοι
359 1251 519 1340 ἀνήγαγον
541 1252 577 1323 ἐκ
598 1254 743 1363 Κρήτης,·
769 1258 826 1323 καί
848 1278 885 1321 σε
912 1259 1130 1422 στρατήγέτην
1161 1286 1165 1291 ·

94 1354 345 1443 ἀκαταμόχητον
372 1352 644 1442 ἀποκατέστησαν,
673 1359 812 1481 ποιηταὶ
842 1357 880 1424 δέ
908 1359 965 1423 καὶ
994 1356 1130 1446 ῥήτορες
1168 1353 1176 1378 ’

93 1456 179 1527 κατὰ
197 1458 282 1526 πολύ
304 1482 346 1543 με
364 1462 517 1544 Περσέως
539 1456 749 1546 διέκρινανε
724 1484 770 1581 ιρς
790 1461 947 1538 πλείονας
964 1458 1131 1547 Γοργόνας

88 1559 309 1650 ,δφευρηκότικ
345 1556 445 1627 ἀλλ”’
426 1584 476 1629 ετι
494 1556 701 1650 ἀνεμνήσθην
718 1559 762 1628 τὰ
778 1567 1002 1650 τῶνΚρητων,
1024 1564 1058 1627 οἳ
1069 1559 1130 1626 τό·
1149 1580 1182 1628 10

94 1687 159 1753 φον
174 1662 399 1730 ἓπεδείκνυντό
413 1687 473 1748 μοι
486 1670 546 1730 τοῦ
556 1663 637 1742 Διός
651 1687 712 1731 σου
725 1666 782 1731 καί
793 1661 835 1730 τά
844 1663 902 1751 τήν
910 1669 1035 1752 μητέρα
1047 1667 1131 1751 θρέ-

24 1774 28 1779 ’
94 1777 208 1851 ψαντα
226 1764 355 1849 λόχμια,
375 1761 421 1844 ὥς
439 1763 611 1846 ἀειθαλεῖς
623 1765 660 1832 αλ
678 1768 798 1850 λόχμαι
817 1757 914 1835 αὗται
928 1767 1130 1850 διαμένουσι.

147 1881 243 1936 ΚΡΓΓ.
274 1862 353 1934 Ἀλλ’
371 1862 430 1933 οὐκ
452 1865 622 1954 ἐγίνωσκες
644 1866 702 1957 τὴν
724 1866 856 1957 ἐπῳδήν
878 1866 997 1937 καὶτὰ
1020 1864 1129 1959 ἀργια.

147 1983 271 2039 ΤΡΙΕΦ.
304 1967 349 2037 Εἰ
365 1974 478 2051 ταῦτα,
499 1961 526 2037 ιά
545 1976 679 2057 Κριτία,
699 1969 736 2052 ἒξ
752 1969 884 2059 ἐπῳδῆς
902 1968 1039 2056 ἐγένετο,
1058 1966 1129 2051 τάχ’

93 2067 137 2140 ἀν
154 2071 209 2141 καὶ
227 2069 262 2138 ἐκ
274 2069 416 2139 νεκάδων
430 2070 591 2159 ἐξήνεγκεν
606 2069 645 2143 ἀν
659 2075 714 2140 καὶ
723 2070 757 2151 ές
769 2070 808 2139 τὸ
826 2072 1024 2158 γλυκύτατον
1042 2071 1131 2159 φόος

91 2169 264 2260 ἀνήγαγεν.
301 2169 384 2241 ἀλλά
406 2175 503 2262 λῆρος
524 2199 576 2242 πα
575 2174 662 2260 ίγνιοί
680 2199 716 2240 τε
733 2177 790 2241 καὶ
805 2180 928 2260 μῦθοι,
952 2172 1046 2263 παρὰ
1063 2178 1130 2239 τῶν
1230 2184 1233 2193 ‘

98 2280 247 2363 ποιητῶν
263 2277 572 2400 τερατολογοόμενα.
602 2271 696 2345 ὥστε
714 2274 811 2344 έασον
829 2279 884 2343 καὶ
901 2275 1032 2361 ταύτην.

149 2391 246 2449 ΚΡΙΤ.
273 2372 432 2466 Ἦρανδί
453 2377 511 2468 τήν
533 2377 616 2459 Διὸς
636 2376 779 2494 γαμετήν
800 2381 855 2445 καί
876 2382 1067 2467 κασίγνητον
1090 2372 1128 2446 οὗ
1148 2400 1180 2448 11

98 2479 287 2569 παραδέχη,·

148 2597 272 2652 ΤΡΙΕΦ.
307 2588 390 2671 Σίγα
406 2589 465 2672 τῆς
482 2578 762 2672 ἀσελγεστάτης“
742 2607 834 2650 ενεκα
855 2584 977 2666 μίξεως
998 2579 1107 2649 καὶ
1072 2608 1131 2673 νην

99 2681 135 2751 ἔκ
151 2684 270 2753 ποδοῖν
287 2687 343 2752 καί
359 2697 468 2771 χεροῖν
485 2684 697 2774 έκτεταμένην
714 2685 925 2775 περιέδραμε.

115 2801 246 2859 ΚΡΙΤ.
281 2789 399 2859 Καὶί
364 2815 383 2855 τ
398 2812 438 2855 να
456 2785 678 2879 ίπυμόσωμαί
694 2812 748 2875 γε,·
981 2810 983 2813 ·
1151 2810 1183 2859 12
1288 2882 1295 2889 ·

150 2905 272 2962 ΤΡΙΚΦ.
305 2886 520 2979 ίἈλκιμέδοντα
537 2890 634 2972 θεὸν,
658 2896 774 2981 μέγαν,
798 2887 977 2979 ἄμβροτον,
1001 2888 1133 2981 οὐρανί-

99 3017 181 3073 ωνα,
208 2991 277 3060 υἱὸν
294 2989 435 3080 πατρὸς,
459 2998 589 3075 πνεῦμα
608 2991 642 3063 ἐκ
660 2992 789 3083 πατρὸς
807 2993 1074 3083 ἐκπορευόμενον,
1099 2995 1134 3062 ἓν

101 3092 136 3160 έκ
160 3100 260 3183 τριῶν
286 3096 342 3161 καὶ
371 3093 408 3175 ἐξ
435 3091 506 3172 ἑνὸς
531 3099 621 3182 τρία,
648 3101 754 3165 ταῦτα
779 3095 891 3180 νόμιζε
912 3102 1014 3185 Ζήνα,
1041 3092 1132 3163 τόνδ’

99 3191 180 3283 ἡγοῦ
199 3197 292 3265 θεόν.

151 3313 248 3371 ΚΡΙΤ.
279 3295 466 3391 Ἁριθμίειν
482 3323 524 3389 με
547 3297 728 3380 διδάσκεις,
752 3300 807 3364 καὶ
831 3292 965 3386 όρκοςή
988 3293 1138 3385 ἀριθμηι

100 3400 187 3487 τική·
205 3401 260 3466 καί
277 3397 340 3490 γάρ
360 3397 534 3489 ἀριθμέεις
552 3397 599 3483 ὥς
611 3401 801 3485 Νικόμαχος
815 3397 833 3467 ὃ
847 3398 1043 3487 Γερασηνός.
1076 3394 1137 3469 οὖκ

102 3496 180 3568 οίδα
201 3500 264 3591 γὰρ
284 3507 320 3570 τί
341 3504 458 3591 λέγεις,
483 3507 516 3575 ἓν
533 3513 623 3596 τρία,
645 3509 722 3591 τρία
741 3502 784 3572 έν.
819 3499 864 3592 μή
886 3499 944 3591 τήν
961 3498 1137 3591 τετρακτὺν

102 3600 170 3695 φῂς
187 3601 245 3692 τήν
261 3607 464 3697 Πυθαγόρου
483 3604 504 3697 ἢ
521 3606 579 3697 τήν
598 3606 744 3696 ἀγδοόδα
761 3609 816 3674 καὶ
833 3605 1011 3695 τριακάδας

153 3716 276 3780 ΤΡΙΕΦ.
311 3713 397 3796 Σίγα
412 3708 454 3776 τὰ
472 3715 572 3797 νέρθε
589 3713 643 3777 καλ
662 3707 704 3776 τά
722 3716 816 3799 σιγής
833 3706 922 3790 ἀξια.

102 3802 162 3877 οάκ
180 3806 255 3877 ἔσθ’
266 3800 332 3880 ὦδε
347 3824 478 3901 μετρεῖν
491 3810 533 3879 τὰ
547 3815 683 3900 ψυλλῶν
696 3812 778 3900 ἰ’χνη.
806 3808 869 3897 έγόι
883 3810 945 3898 γάρ
959 3833 997 3877 σε
1011 3809 1136 3891 διδάξω

101 3914 137 3978 τί
151 3908 191 3978 τὸ
209 3919 279 3981 πᾶν
295 3917 352 3985 καί
368 3920 420 3994 τίς
439 3910 456 3981 ὃ
474 3913 541 4004 πρὸ
560 3915 694 3983 πάντων
715 3916 771 3979 καὶ
792 3918 827 3979 τί
842 3910 881 3979 τὸ
905 3913 1056 4000 σύστημα
1076 3917 1136 3980 τοῦ
1234 3904 1238 3919 ’

101 4014 242 4107 παντός·
269 4016 408 4107 καὶγὰρ
431 4016 546 4119 πρῴην
567 4014 656 4103 κάγὼ
679 4022 784 4087 ταῦτα
806 4014 957 4102 ἔπασχον
974 4011 1060 4110 ἅπερ
1083 4013 1136 4100 σὺ,
1260 4028 1265 4035 “
