2782 4574
353 217 449 274 Lm
475 218 495 256 θ
513 217 762 276 ΜΑΚΡΟΒΙΟΙ
783 218 868 276 1-5.
1086 206 1131 274 ffl

108 329 158 397 καὶ
172 325 293 404 παῖδας
307 321 384 404 τοὺς
401 321 490 405 σούς,
509 319 610 392 τοῦτο
626 328 805 414 συμφέρειν
817 324 958 411 νομίζων
970 327 1026 394 καλ
1044 327 1130 412 σύμ-

106 450 199 500 παντι
214 429 273 515 μὲν
292 434 340 516 τῷ
362 434 429 496 τῶν
451 423 642 514 ἀνθρώπων
663 432 763 516 γένει,
786 426 854 518 πρὸ
878 429 914 496 δὲ
935 434 1002 498 τῶν
1020 425 1131 499 ἁπάν-

38 535 40 540 ’
105 559 164 601 των
180 529 267 620 αύτῷ
283 557 319 600 τε
337 531 412 617 ἐμοὶ
429 533 485 598 καί
502 537 589 599 πᾶσι
605 543 677 612 τοῖς
694 530 802 618 έμοίς·
823 530 957 621 καὶγὰρ
975 530 1078 618 κάμοί
1093 560 1128 602 τι

104 633 225 723 ἀγαθὸν
239 634 345 704 ἐδόκει
356 622 633 723 προσημαίνεινὸ
643 633 738 717 θεός.
770 636 991 721 σκεπτόμενος
1005 637 1042 703 δὲ
1055 633 1125 705 κατ’
1145 658 1163 707 κ

50 814 57 825 .
103 735 235 824 έμαοτόν
253 738 304 818 είς
317 738 447 829 έννοιοινἸ
459 729 567 828 ἦλθον
587 735 676 817 είκὸς
697 733 783 807 εἶναι
807 737 885 819 τοὺς
906 736 1010 820 θεοὺς
1032 735 1127 828 ἀνδρὶ

101 845 174 929 περὶ
193 838 352 919 παιδείαν
374 840 480 926 έχοντι
501 847 607 909 ταῦτα
629 842 906 931 προστάττοντας,
930 843 1073 911 κελεύειν
1093 869 1128 911 τι

101 949 295 1035 προσφέρειν
314 970 369 1014 σοι
385 950 452 1012 τῶν
469 941 539 1013 άπὸ
556 950 615 1033 τῆς
631 950 753 1034 τέχνης.
788 947 910 1034 ταύτην
933 937 990 1014 σύν
1009 945 1129 1014 αἰσιω-

99 1048 193 1136 τάτην
210 1040 352 1134 νομίζων
368 1049 428 1137 τήν
445 1074 482 1135 γε
499 1055 566 1117 τῶν
583 1054 652 1117 σῶν
668 1052 847 1137 γενεθλίων
863 1046 987 1138 Ιἡμέραν
1006 1049 1130 1135 δίδωμί
1172 1124 1176 1129 ,

100 1175 149 1218 σοι
172 1150 250 1232 τοὺς
279 1152 511 1241 ἱστορημένους
538 1151 571 1231 ές
601 1149 727 1243 μακρὸν
751 1159 853 1241 γῆρας
881 1150 1068 1241 ἀφικέσθαι
1094 1151 1130 1220 έν

98 1250 282 1344 άγιαινούση
300 1260 341 1344 τῇ
358 1261 450 1343 ψυχῇ
471 1257 527 1322 καὶ
549 1252 718 1343 ὁλοκλήρῳ
738 1261 786 1343 τῷ
809 1255 949 1339 στόματι.
985 1256 1042 1322 καλ
1063 1253 1127 1344 γὰρ

100 1353 135 1424 ύν
153 1361 209 1425 καὶ
231 1353 356 1447 ύφελος
376 1357 504 1445 γένοιτό
527 1363 562 1425 τί
584 1382 638 1427 σοι
651 1356 696 1435 ,έκ
715 1365 775 1425 τοῦ
802 1348 1056 1447 συγγράμματος
1078 1359 1130 1425 δι-

98 1463 209 1543 πλοῦν,
233 1458 275 1528 τὸ
295 1458 533 1545 ’μὲν-εύθομία
546 1485 599 1541 τις
620 1463 675 1528 καλ
697 1459 792 1540 έλπλς
814 1457 926 1549 ἀγαθὴ
948 1461 1004 1531 καλ
1027 1455 1129 1528 αύτὸν

101 1561 152 1630 ἐπὶ
172 1560 333 1652 μήκιστον
356 1564 524 1631 δύνασθαι
540 1568 674 1649 βιῶναι,
696 1561 737 1632 τὸ
756 1564 792 1631 δὲ
810 1564 1007 1631 διδασκαλία
1023 1587 1076 1641 τις
1093 1561 1129 1629 έκ

98 1667 381 1754 παραδειγμάτων,
397 1666 427 1734 εί
437 1665 604 1754 ἐπιγνοίης
614 1656 668 1737 ὅτι
677 1667 710 1734 οί
718 1657 865 1753 μάλιστα
873 1665 998 1734 έαυτῶν
1012 1666 1130 1752 ἐπιμέ-

99 1771 182 1837 λειαν
191 1771 416 1858 ποιησάμενοι
429 1771 512 1838 κατά
526 1795 562 1837 τε
575 1776 673 1855 σῶμα
685 1773 740 1837 καὶ
753 1768 837 1837 κατὰ
848 1768 967 1858 ψυχὴν,
983 1760 1077 1838 οὗτοι
1087 1766 1128 1857 δὴ

98 1869 128 1951 ές
138 1874 348 1962 μακρότατον
361 1880 462 1962 γῆρας
475 1864 582 1962 ἦλθον
595 1870 654 1940 σὺν
666 1869 775 1962 ύγιιίφ
788 1877 952 1941 παντελεῖ.
974 1879 1128 1962 Νέστορα
1145 1893 1164 1942 ε

95 1976 148 2060 μὲν
166 1967 224 2044 οὗν
244 1973 301 2044 τὸν
318 1976 516 2066 σοφώτατον
529 1982 595 2044 τῶν
605 1972 740 2058 Ἀχαιῶν
753 1974 811 2043 ἐπὶ
821 1989 912 2062 τρεῖς
928 1987 1128 2069 παρατεῖναι

96 2076 198 2166 γἐνεάς
212 2075 355 2167 Ὅμηρος
376 2082 476 2168 λέγει,
501 2079 538 2146 ὃν
561 2083 748 2168 συνίστησιν
770 2075 847 2168 ἡμῖν
868 2083 1129 2166 γεγυμνασμένον

97 2177 209 2268 λίριστα
231 2186 288 2249 καὶ
304 2188 395 2271 ψυχῇ
412 2185 468 2248 καὶ
486 2182 628 2266 σώματι.
655 2183 711 2249 καλ
732 2187 900 2270 Τειρεσίαν
920 2182 955 2248 δέ
972 2179 1029 2248 τὸν
1046 2181 1131 2265 μάν-

96 2310 141 2352 τιν
156 2283 176 2374 ἡ
194 2287 367 2374 τραγῳδία
383 2289 479 2372 μέχρι
497 2286 534 2367 ἓξ
544 2291 661 2371 γενεῶν
674 2297 873 2375 παρατεῖναι
887 2286 983 2372 λέγει.
1019 2290 1131 2352 πιθα-

96 2385 145 2455 νὸν
166 2387 197 2456 δ’
215 2385 259 2456 ἂν
280 2388 329 2477 εἴη
353 2384 457 2477 άνόρα
479 2395 576 2468 θεοῖς
599 2386 807 2474 ἀνακείμενον
831 2390 888 2455 καὶ
909 2391 1130 2478 καθαρωτέρᾳ

98 2491 199 2582 διαίτη
219 2487 388 2579 χριόμενον
405 2488 462 2558 τὸν
479 2499 647 2580 Τειρεσίαν
665 2491 723 2560 ἐπὶ
739 2491 899 2581 μήκιστον
916 2497 1046 2579 βιῶναι.
1072 2492 1164 2558 καλε

97 2598 163 2683 γένη
181 2596 221 2662 δέ
241 2589 303 2661 ύλα
320 2594 486 2683 μακρόβια
505 2594 675 2684 ἱστόρηται
694 2593 750 2663 όιὰ
767 2593 827 2684 τὴν
850 2596 989 2678 δίαιταν,
1014 2590 1129 2680 ῶσπερ

96 2698 286 2786 Αἰγυπτίων
309 2698 342 2764 ολ
363 2698 557 2782 καλούμενοι
580 2697 864 2785 ἱερογραμματεῖς,
890 2696 1066 2787 Ἀσσυρίων
1094 2698 1130 2763 δέ

97 2804 148 2868 καλ
160 2800 308 2892 Ἀράβων
326 2800 360 2871 οἱ
377 2799 530 2889 ἐξηγηταὶ
545 2806 611 2868 τῶν
628 2801 757 2886 μύθων,
778 2798 886 2870 Ἰνόῶν
905 2802 941 2869 δέ
954 2801 993 2868 ὀί
1009 2799 1131 2867 καλού-

97 2929 185 2988 μενοι
198 2909 402 2990 Βραχμᾶνες,
417 2900 533 2992 ἄνδρες
545 2900 691 2994 ἀκριβῶς
704 2906 893 2995 φιλοσοφίᾳ
906 2904 1130 2988 σχολάζοντες.

67 3040 72 3049 ν
98 3011 150 3074 καί
167 3008 201 3075 οἱ
219 3008 418 3093 καλούμενοι
435 3008 471 3074 δὲ
487 3007 599 3096 μάγοι,
617 3047 660 3058 -
678 3012 771 3095 γένος
787 3014 885 3075 τοῦτο
903 3005 1058 3092 μαντικὸν
1074 3008 1131 3074 καλ

63 3170 65 3181 .
97 3116 190 3191 θεοῖς
220 3107 428 3196 ἀνακείμενον
454 3111 548 3199 παρά
573 3136 614 3178 τε
636 3113 781 3200 Πέρσαις
807 3112 863 3177 καὶ
889 3110 1044 3195 Πάρθοις
1074 3111 1131 3176 καλ

97 3200 257 3304 Βάκτροίς
274 3217 337 3280 καί
347 3219 554 3303 Χορασμίοις
570 3217 625 3282 καὶ
640 3210 759 3300 Άρίοις
775 3214 832 3280 καὶ
848 3212 973 3291 Σάκαις
989 3214 1045 3278 καὶ
1058 3211 1133 3298 Μή-

99 3317 166 3399 όοις
178 3320 236 3385 καὶ
250 3314 344 3408 παρά
358 3318 496 3398 πολλοῖς
511 3314 623 3397 ἄλλοις
636 3317 821 3406 βαρβάροις
839 3354 880 3366 -
899 3313 1078 3402 ἐρρωμένοι
1095 3319 1133 3381 τέ
1233 3322 1236 3331 “

100 3420 162 3490 εἶσι
187 3425 245 3489 καί
271 3423 485 3511 πολοχρονιοι
507 3419 563 3489 διὰ
589 3417 628 3488 τὸ
656 3420 811 3509 μαγεύειν
838 3417 1052 3503 διαιτώμενοι
1076 3419 1131 3486 καλ
1193 3408 1197 3414 ’
1244 3428 1248 3433 ’

99 3522 192 3594 οὗτοὶ
210 3522 449 3616 ἀκριβέστερον.
476 3521 537 3614 ἤδη
558 3525 594 3591 όὲ
611 3526 666 3592 καὶ
684 3523 767 3612 ἔθνη
785 3519 847 3591 ὅλα
863 3520 1166 3612 μακροβιώτατα,ο
1211 3604 1216 3609 ἱ
1260 3530 1267 3545 ‘

100 3622 212 3719 ῶσπερ
229 3634 339 3718 Σῆρας
356 3631 415 3714 μέν
435 3629 605 3718 ίστορούσι
626 3633 723 3718 μέχρι
745 3633 942 3719 τριακοσίων
965 3626 1020 3713 ζῆν
1039 3624 1130 3705 ἐτῶν,

101 3731 132 3797 οί
147 3735 207 3817 μὲν
224 3739 272 3821 τῷ
291 3731 383 3820 άέρι,
394 3724 434 3801 σί
445 3735 482 3801 δέ
498 3739 538 3823 τῇ
555 3740 596 3823 γῇ
613 3730 672 3821 τὴν
689 3731 802 3800 αἰτίαν
811 3738 870 3800 τοῦ
884 3734 1011 3816 μακροῦ
1024 3727 1134 3816 γήρως

100 3842 350 3924 προστιθέντες,
371 3837 404 3903 οἱ
422 3837 458 3904 δέ
474 3839 530 3904 καὶ
547 3843 587 3926 τῇ
606 3838 732 3925 διαίτη·
750 3832 948 3924 ὑδροποτεῖν
964 3832 1026 3920 γάρ
1047 3853 1133 3919 φασι
1199 3920 1200 3927 ρ

100 3936 136 4004 τὸ
157 3938 256 4021 ἐ’θνος
272 3948 371 4009 τοῦτο
391 3941 535 4027 σύμπαν.
562 3936 778 4018 nummus
796 3939 833 4005 δέ
849 3943 944 4026 μέχρι
957 3934 1133 4023 τριάκοντα
1185 3955 1186 3959 ’

100 4043 155 4109 καὶ
180 4042 294 4112 ἑκατὸν
322 4043 404 4114 ἐτῶν
428 4050 523 4132 βιοῦν
550 4042 735 4134 ἱστόρηται,
762 4039 919 4119 καὶτοὺς
945 4039 1134 4118 Χαλδαίους
