2748 4572
235 210 279 280 18
623 223 881 280 Λουσιιασκ
953 285 958 291 ,

238 327 392 413 οἰμώζειν
410 322 635 412 άπσλλύμενσν
652 325 710 395 ὕπ’
721 315 916 417 όλγηδόνων.
953 327 1057 396 ιαῦτά
1074 354 1110 396 τε
1129 319 1187 398 οὖν
1205 327 1278 402 άπ-
1317 352 1320 356 ⁴

235 434 413 520 ηγγίλλετσ
429 433 486 497 καλ
506 429 564 499 τὸν
580 430 690 499 Μίδαν
712 429 866 518 ἐωρώμεν
888 427 988 500 αύτδν
1010 432 1068 500 ἐπὶ
1085 436 1277 518 σκίμποδος

235 529 305 602 ύπδ
330 540 397 601 τῶν
429 530 621 617 ὁμοδούλων
651 534 965 620 προσκομιζόμενον,
999 529 1077 602 όλον
1106 531 1274 626 ᾠδηκότα,

235 634 399 717 πελιδνὸν,
413 637 577 720 μυδῶντα,
591 634 650 724 τήν
664 635 872 724 ἐπιφάνειαν,
889 633 999 723 ὀλίγον
1012 636 1063 704 ότι
1077 636 1275 722 ἐμπνέοντα.

235 742 448 827 λελυπημένῳ
468 736 508 826 δή
525 745 572 827 τῷ
595 742 700 826 πατρὶ
720 745 786 806 τῶν
809 742 915 827 φίλων
936 765 988 818 τις
1009 738 1135 830 παρὼν,
1157 738 1276 833 “3029-

235 838 316 928 ρει,”
333 841 405 930 ἔφη,
417 838 506 928 “ἐγώ
519 843 582 928 γάρ
597 866 652 909 σοι
665 837 769 927 ἄνδρα
781 843 994 928 Βαβυλώνιον
1006 848 1073 909 τῶν
1081 844 1273 928 Χαλδαίων,

236 939 283 1024 ώς
306 968 422 1033 φασιν,
452 941 570 1011 αὐτίκα
596 950 740 1029 μέτειμι,
769 944 806 1024 ὃς
833 944 964 1029 ἰάσεται
993 942 1051 1013 τὸν
1073 942 1274 1036 ἄνθρωπον.

235 1049 292 1114 καλ
309 1046 364 1114 ἵνα
381 1045 426 1136 μή
445 1048 604 1136 διατρίβω
623 1049 734 1135 λέγων,
758 1037 833 1136 ήκεν
850 1044 869 1114 δ
887 1050 1101 1134 Βαβυλώνιος
1121 1051 1177 1117 καί
1196 1045 1276 1118 ἀνέ-

238 1174 339 1238 στησε
363 1147 421 1217 τὸν
443 1151 552 1218 Μίδαν
578 1150 692 1239 ἐπῳδῇ
718 1176 784 1217 τινι
811 1150 968 1232 ἐξελάσας
992 1149 1050 1218 τὸν
1074 1150 1124 1219 ίδν
1150 1150 1185 1218 ἐκ
1208 1159 1274 1220 τού

236 1250 406 1336 σώματος,
425 1251 484 1344 ,ἐτι
509 1255 564 1320 καὶ
590 1252 865 1341 προσαναρτήσας
890 1258 938 1340 τῷ
964 1255 1048 1321 ποδί
1072 1260 1273 1342 τεθνηκυίας

233 1361 410 1441 παρθένου
428 1357 527 1422 λίθον
545 1352 615 1423 άπὸ
632 1362 691 1444 τῆς
709 1356 829 1444 στήλης
847 1355 1001 1442 ἐκκόψας.
1032 1358 1088 1424 καὶ
1098 1363 1198 1425 τοῦτο
1210 1359 1273 1442 μὲν

214 1488 220 1500 ·
235 1457 320 1537 λ’σως
332 1462 480 1545 μέτριον·
494 1496 536 1508 —-
549 1465 659 1525 καίτοι
673 1456 809 1537 ὁΜίδας
818 1455 917 1538 αύτὸς
931 1455 1093 1547 όράμενος
1104 1458 1162 1527 τὸν
1175 1466 1273 1545 σκίμ·

238 1561 339 1640 ποδα,
361 1558 411 1648 ἐφ’
424 1551 465 1626 ού
482 1558 681 1644 ἐκεκόμιστο,
701 1557 802 1648 ᾤχετο
822 1559 855 1640 ἐς
872 1560 929 1628 τὸν
947 1557 1047 1650 άγρὸν
1065 1558 1186 1630 άπιών.
1213 1588 1271 1630 τσ-

237 1659 389 1750 σαύτονή
406 1661 519 1748 ἐπῳδὴ
534 1661 677 1750 ἐδυνήθη
691 1665 746 1728 καλ
764 1660 783 1729 ό
799 1665 951 1751 στηλίτης
965 1663 1085 1743 ἐκεῖνος
1098 1667 1213 1744 λίθος·
1225 1702 1270 1714 -

187 1762 258 1837 1νὸ
286 1766 403 1832 δὲκαὶ
430 1761 515 1831 άλλα
541 1762 678 1857 ἐποίησε
703 1765 874 1833 θεσπέσια
900 1763 947 1846 ώς
973 1763 1124 1854 ἀληθῶς·
1152 1766 1186 1848 ἐς
1210 1765 1271 1835 τὸν

236 1858 337 1957 όγρδν
350 1866 411 1954 γὰρ
427 1865 536 1935 ἐλθών
552 1866 668 1949 ἕωθεν,
689 1866 837 1936 ἐπειπών
856 1869 1002 1956 ἱερατικά
1014 1895 1089 1936 τινα
1104 1868 1187 1936 ἐκί
1150 1876 1173 1954 β
1173 1873 1269 1955 ίβλοα

236 1968 420 2048 παλαιάς’
403 1971 550 2053 σνόματα
572 1967 672 2051 ἐπτὰ,
696 1976 783 2058 θείῳ
805 1974 862 2038 καλ
885 1972 963 2095 δφδὶ
983 1978 1189 2060 καθαγνίσας
1209 1970 1268 2039 τὸν

235 2074 342 2140 τόπον
359 2072 549 2160 περιελθών
568 2071 701 2198 ἐςτρλς,
726 2069 918 2162 ἐξήλασεν”
898 2098 962 2142 οσα
979 2065 1018 2162 ήν
1036 2073 1163 2166 ἑρπετὰ
1177 2073 1269 2153 ἐντὸς

187 2183 194 2192 ’
235 2182 301 2243 τών
320 2171 415 2263 όρων.
452 2165 528 2263 ήκον
547 2165 603 2242 σύν
623 2171 736 2264 ὥσπερ
762 2175 930 2261 ἑλκόμενοι
951 2176 1037 2266 πρὸς
1054 2176 1112 2266 τὴν
1135 2175 1267 2265 ἐπῳδήν

237 2275 334 2366 όφεις
355 2280 476 2346 πολλοὶ
496 2281 553 2345 καὶ
574 2274 716 2357 ἀσπίδες
737 2281 793 2347 καὶ
816 2278 940 2363 ε’χιδναι
961 2283 1017 2346 καὶ
1037 2282 1194 2368 κεράσται
1211 2282 1269 2347 καί

236 2376 349 2447 ἄκοντί
350 2405 386 2447 αι
404 2385 525 2468 φρῦνοί
540 2405 576 2447 τε
593 2383 648 2448 καλ
666 2381 826 2469 φύσαλοι,
850 2381 918 2449 ἐλεί
904 2386 1000 2449 ίπετσ
1018 2382 1055 2448 δέ
1072 2379 1120 2457 εἶς
1138 2380 1269 2464 δράκων

235 2480 381 2561 παλαιὸς
401 2479 469 2550 ύπδ
491 2489 612 2570 γήρως,
641 2481 749 2568 οἶμαι,
778 2482 957 2569 ἐξερπύσαι
977 2479 1022 2568 μή
1046 2480 1223 2563 δυνάμενος
1243 2479 1268 2570 ἢ

233 2585 451 2673 παρακούσας
475 2592 534 2652 τοῦ
560 2587 824 2675 προστάγματος.
871 2581 889 2652 ό
922 2585 959 2651 δέ
983 2582 1089 2671 μάγος
1116 2579 1174 2650 ούκ
1200 2583 1266 2673 ἐφη

209 2700 392 2775 ,παρεῖναι
409 2682 568 2770 ἅπαντας,
588 2686 693 2756 ἆλλ”’
674 2714 730 2756 ενα
750 2685 825 2756 τινὰ
845 2692 912 2754 τῶν
934 2681 1045 2776 όφεων
1066 2684 1125 2753 τὸν
1142 2686 1268 2754 νεώτα

233 2815 291 2858 ταν
290 2792 539 2880 χειροτονήσας
555 2789 757 2881 πρεσβευτήν
775 2788 924 2875 ἐπεμψεν
942 2787 1050 2858 ἐπὶ
1016 2815 1075 2857 τον
1093 2789 1263 2877 δράκοντα,

233 2895 290 2959 καλ
315 2892 399 2977 μετὰ
425 2895 540 2984 μικρὸν
562 2885 618 2983 ήκε
643 2889 798 3016 ηάκεῑνος.
843 2889 981 2959 ἐπελέ
945 2893 981 2960 δέ
1008 2895 1263 2980 συνηλίσθησαν,
1292 2927 1299 2937 ,

235 2993 417 3083 ἐνεφύσησε
434 2999 493 3081 μὲν
511 2996 625 3073 αὐτοῖς
643 3019 661 3059 ο
650 2991 906 3079 ’Βαβυλώνιος
923 2993 1022 3062 τὰδὲ
1040 2991 1157 3062 αότίκα
1173 2994 1265 3076 μάλα

232 3096 461 3187 κατεκαύθη(
445 3097 576 3167 ἅπαντα
601 3092 668 3163 ὖπδ
695 3101 743 3182 τῷ
771 3096 955 3185 φυσήματι,
982 3093 1077 3185 ήμεῖς
1098 3097 1135 3164 δέ
1160 3094 1266 3163 ἐθαυ-
1285 3128 1301 3149 ·

217 3199 409 3285 μάζομενῗ

183 3322 216 3372 13
284 3300 397 3371 “Βίπέ
413 3328 486 3388 μοι,
506 3292 533 3368 ὦ
544 3286 635 3383 ’'liovj
635 3292 758 3390 ’ήνδ
770 3299 886 3389 ἐγω,“
889 3299 1007 3391 όόφις
1024 3331 1042 3371 ο
1030 3299 1266 3390 ζπρεσβευτής

234 3398 383 3485 δνέος
361 3431 426 3492 αρα
447 3407 502 3471 καί
526 3402 789 3529 ἐχειραγώγει
756 3429 813 3473 τον
837 3405 998 3494 δράκοντα
1019 3400 1096 3492 ήδη,
1122 3401 1169 3483 ὡς
1172 3401 1265 3528 φής,

233 3508 447 3597 γεγηρακότα,
467 3534 487 3594 η
471 3502 692 3575 σκίπωνα”
673 3532 754 3589 εχων
773 3505 893 3587 ἐκεῖνος
912 3503 1209 3595 ἐπεστηρίζετσῖ(
1210 3502 1266 3572 ‘032

231 3611 292 3695 μέν
309 3637 359 3678 πα
361 3605 473 3690 ίζεις,”
493 3635 558 3698 εφη
577 3634 595 3676 α
583 3606 842 3697 ‘Kkeddryptogf
844 3607 920 3696 ἐγὼ
939 3610 976 3676 δέ
992 3606 1204 3688 καλαύτὸς’
1184 3632 1268 3676 απι-

233 3712 389 3801 στότερας
407 3707 454 3778 εόν
471 3735 531 3780 σου
550 3712 712 3779 πάλαι
675 3739 718 3779 τα
740 3719 880 3780 τοιαῦτα
897 3751 940 3762 -
959 3708 1050 3799 φ’μην
1071 3710 1133 3799 γὰρ
1157 3706 1268 3779 οὗδενλ

232 3815 320 3902 λόγῳ
339 3811 476 3884 δυνατὸν
493 3821 667 3902 γίγνεσθαι
686 3811 726 3882 δν
743 3811 827 3903 αότδι
845 3821 1022 3883 πιστεύσαι
1040 3851 1081 3863 -
1100 3809 1191 3897 ὅμως
1209 3807 1267 3879 ότι

231 3915 272 3986 τὸ
289 3922 424 4005 πρῶτον
441 3915 530 3987 είδαν
547 3919 727 4002 πετόμενον
743 3914 802 3985 τὸν
820 3919 908 3999 ξέναν
926 3914 984 3983 τὸν
999 3917 1219 4002 βάρβαρσν-
1230 3913 1269 3995 ἐξ

230 4016 450 4109 Ὑπερβορέων
467 4021 504 4090 δέ
520 4011 568 4109 ἦν,
592 4017 639 4101 ὥς
660 4019 800 4108 ἐφασκεν
817 4057 859 4072 -
877 4017 1059 4087 ἐπίστευσα
1080 4020 1137 4085 καὶ
1160 4015 1269 4103 ἐνική-
