2792 4580
398 220 520 277 τετυ.
542 219 739 279 εκεικοε
762 221 865 276 τ-ιι.
1082 179 1152 278 ἐστ

107 328 171 415 τάς
188 326 470 411 ίσπονδασμίνας,
490 325 611 397 σκόπει
626 322 670 391 τὰ
684 322 820 403 τοῦτοίς
829 321 1008 395 1ἀκόλουθα
1023 327 1145 413 πάντα,

9 412 12 437 ί
108 433 227 501 πόσων
245 427 450 519 πραγμάτων
464 425 552 494 ἐστὶν
566 424 658 508 ἀνια,
677 426 795 497 πόσων
808 428 931 509 πόνων,
950 429 1068 497 πόσων
1078 456 1149 499 κικ-

65 541 68 547 ’
106 534 223 614 δάνιον,
251 529 436 616 μᾶλλονδὲ
458 529 599 615 αἵματος
620 532 676 597 καλ
698 529 847 599 θανάτου
869 532 927 597 καί
953 531 1147 621 διαφθορᾶς

107 633 304 724 ἀνθρώπων
322 631 442 721 πάσης,
462 629 502 700 οά
518 632 620 717 μόνον
634 628 688 701 ὅτι
700 636 857 711 πλέοντες
870 628 1074 701 ἀπόλλυνται
1088 633 1150 703 διὰ

106 743 215 806 ταῦτα
240 736 364 817 πολλοὶ,
387 737 445 803 καί
470 735 643 825 ζητοῦντες,
663 738 719 803 καὶ
751 737 1025 826 δημιουργοῦντες
1054 736 1153 806 δεινά.

105 839 306 922 πάσχουσιν,
323 833 392 904 ἀλλ’
404 832 457 906 δτι
469 838 752 927 καλπολυμάχητά
766 838 902 907 ἐστικαὶ
916 838 1149 926 ἐπιβουλεύετε

107 939 265 1031 ἀλλήλοις
283 938 463 1027 διάβταῦτα
479 943 536 1008 καί
553 944 666 1030 φίλοις
679 944 775 1031 φίλοι
788 944 843 1011 καλ
857 943 1008 1031 πατράσι
1023 943 1148 1023 παῖδες

108 1046 165 1112 καὶ
183 1055 333 1131 γυναῖκες
356 1039 523 1129 ἀνδράσιν.
561 1038 684 1125 [οῦτως
705 1041 801 1129 οίμαι
822 1048 886 1111 καὶ·
899 1042 957 1133 τὴν
971 1042 1147 1135 Ἐριφύλην

110 1143 219 1216 διά
184 1171 243 1214 τον
258 1142 396 1235 χρυσὸν
392 1147 583 1232 προδοῦναι
598 1145 656 1214 τὸν
675 1142 804 1236 ἀνδρα]
842 1150 898 1215 καί
912 1152 1019 1215 ταῦτα
1032 1153 1147 1233 μέντοι
1164 1172 1180 1222 ε

61 1284 65 1298 ¹
108 1273 221 1318 παντο
227 1253 380 1335 γίγνεται
395 1253 462 1317 τῶν
468 1249 533 1349 μὲν
541 1251 701 1318 ποικίλων
717 1250 811 1334 ίματί
811 1275 856 1317 ων
797 1246 964 1317 ίοάδίν
975 1276 1010 1317 τι
1021 1250 1213 1335 μάλλονἱ

109 1351 258 1419 θάλπειν
276 1351 470 1435 δυναμένων,
493 1358 561 1420 τῶν
532 1341 901 1440 δδχρῖσοροφιννί
867 1356 980 1420 οκιιῦν
1002 1349 1096 1419 οδδίν
1112 1377 1148 1419 τι

108 1455 234 1541 μᾶλλον
252 1459 456 1535 σκεπουσιῦν,
474 1460 542 1522 τῶν
560 1455 597 1522 δὲ
615 1454 820 1539 ἐκπωμάτων
837 1480 904 1521 των
922 1450 1071 1544 ἀργυρῶν
1087 1450 1147 1521 οῦκ

110 1552 383 1645 ὠφελούντων
349 1583 407 1625 τον
429 1557 536 1629 πότον
558 1554 636 1625 οὐδὲ
656 1564 723 1625 τῶν
747 1563 891 1647 χρυσῶν,
920 1553 993 1623 οῦδ
1010 1546 1053 1622 αά
1079 1562 1146 1623 τῶν
1210 1646 1217 1653 A

110 1658 328 1748 ἐλεφαντίνων
349 1661 467 1727 κλινῶν
488 1658 545 1727 τὸν
567 1656 672 1728 ἀπνον
694 1656 777 1747 ἡδίω
800 1665 1045 1745 παρεχομένων,
1073 1655 1144 1725 ἀλλ’

109 1758 195 1848 ὄψει
210 1762 370 1841 πολλάκις
388 1760 446 1830 ίπλ
462 1769 520 1850 τῆς
537 1761 747 1850 ἐλεφαντίνης
759 1765 868 1850 κλίνης
884 1765 940 1829 καί
957 1756 1025 1828 τῶν
1039 1764 1147 1829 πολυ-

109 1866 213 1931 τελῶν
231 1864 432 1953 στρωμάτων
449 1863 527 1945 τοὺς
549 1862 746 1948 εῦδαίμονας
767 1861 873 1933 ἀπνου
896 1868 1006 1946 λαχεῖν
1029 1860 1067 1931 οδ
1086 1865 1144 1930 δυ-

111 1971 279 2051 ναμένους.
316 1963 370 2036 ὅτι
385 1968 445 2053 μὲν
461 1966 524 2056 γάρ
542 1968 579 2034 αί
596 1968 812 2036 παντοδαπαὶ
828 1968 908 2053 περὶ
924 1963 967 2034 τὰ
983 1965 1146 2054 βρώματα

110 2083 337 2157 πραγματεῖαι
353 2077 515 2161 τρέφουσι
532 2072 590 2155 μὲν
609 2068 703 2139 οῦδὲν
719 2073 854 2154 μᾶλλον,
878 2072 1091 2151 λυμαίνονται
1109 2068 1146 2135 δλ

110 2172 153 2240 τὰ
176 2175 315 2259 σώματα
336 2178 392 2243 καὶ
413 2187 485 2254 τοῖς
508 2177 642 2263 σώμασι
665 2174 783 2253 νόσους
810 2173 1003 2257 ἐμποιοῦσι,
1032 2175 1067 2237 τί
1093 2171 1145 2237 δεῖ

110 2277 231 2363 λέγειν,·
253 2283 287 2345 τί
304 2278 412 2345 δὲκαὶ
431 2280 533 2364 λέγειν
556 2272 622 2346 ὅσα
644 2284 710 2344 τῶν
730 2273 936 2365 ἀφροδισίων
955 2271 1047 2340 ἕνεκα
1064 2298 1144 2339 ποι·
1163 2294 1196 2343 10

111 2384 187 2446 οῦσί
203 2403 239 2448 τε
256 2382 312 2448 καὶ
328 2380 514 2464 πάσχουσιν
528 2379 562 2448 οἱ
576 2377 771 2469 ἀνθρωποι,·
789 2383 898 2445 καίτοι
911 2377 1026 2465 ῥᾴδιον
1039 2382 1145 2463 θερα-

109 2482 225 2550 πεύειν
241 2483 363 2572 ταύτην
380 2482 438 2572 τὴν
457 2482 651 2569 ἐπιθυμίαν,
675 2482 706 2551 εἰ
727 2483 771 2570 μή
794 2507 846 2560 τις
868 2481 984 2548 ἐθέλοι
1004 2479 1142 2567 τρυφάν.

109 2588 166 2653 καὶ
184 2583 286 2654 οάδ”
271 2612 305 2666 ες
326 2587 446 2673 ταύτην
467 2583 490 2674 ἡ
511 2593 614 2671 μανία
630 2582 879 2713 κοιδιαφίλρρά
903 2608 951 2672 φα
953 2588 1056 2650 ίνεται
1072 2593 1145 2660 τοῖς

109 2684 350 2778 ἀνδρώποις’
331 2701 449 2778 αρκεῖν,
479 2686 547 2755 ἀλλ’
563 2687 624 2777 ἥδη
647 2691 703 2754 καὶ
728 2694 795 2754 τιῦν
822 2684 924 2755 ὄντων
949 2683 1008 2773 τὴν
1028 2689 1144 2774 χρῆσιν

19 2835 24 2838 ’
110 2788 374 2920 ἀναστρέφουσιν
392 2790 519 2879 ἑκάστῳ
531 2791 695 2879 χρώμενοι
710 2790 795 2876 πρὸς
810 2815 828 2856 ο
841 2816 886 2875 μη
872 2786 1055 2875 πέφυκεν,
1077 2780 1144 2852 ὡό-

7 2982 8 2989 ρ
109 2919 175 2982 περ
194 2896 227 2963 εί
241 2919 293 2971 τις
311 2890 385 2961 ἀνθ
398 2890 525 2980 ἀμάξης
544 2892 659 2960 ἐθέλοι
679 2920 719 2980 τη
705 2895 827 2978 κλίνη
850 2890 1008 2979 καθάπερ
1033 2884 1142 2975 ἀμάξῃ

107 2996 314 3086 χρήσασθαι.

7 3106 8 3127 ’
131 3114 247 3168 ..ΛΥΚ
282 3100 349 3166 Καὶ
366 3104 418 3176 τίς
435 3086 549 3178 οδτος;

162 3215 247 3271 ΚΥΝ.
279 3197 396 3286 Ὑμεῖς,
412 3203 454 3268 ὀἳ
470 3211 542 3278 τοῖς
560 3196 758 3286 ἀνθρώποις
776 3191 834 3262 άτε
855 3191 1048 3281 δποζυγίοις
1063 3201 1144 3281 χρῆ-

109 3310 191 3388 σδε,
214 3304 361 3373 κελεύων
379 3303 416 3370 δὲ
434 3299 554 3381 αάτοδς
577 3296 690 3388 ὥσπερ
714 3294 844 3381 ἀμάξας
865 3294 924 3376 τὰς
946 3298 1056 3373 κλίνας
1072 3307 1144 3373 τοῖς

52 3432 54 3435 ’
109 3408 285 3494 τραχήλοις
303 3402 402 3494 ἀγειν,
423 3402 519 3474 αὐτοὶ
537 3402 568 3472 δ’
580 3399 648 3471 ἀνω
666 3400 870 3469 κατάκεισθε
887 3404 1075 3489 τρυφῶντες
1088 3399 1145 3463 καί

111 3505 240 3574 ἐκεῖθεν
258 3506 372 3598 ὥσπερ
392 3506 487 3588 ὅνους
507 3504 667 3596 ἡνιοχεῖτε
688 3502 766 3585 τοῦς
788 3501 992 3592 ἀνθρώπους
1008 3501 1140 3589 ταύτην,

110 3605 197 3678 ἀλλὰ
213 3606 258 3697 μὴ
276 3611 396 3698 ταύτην
413 3617 602 3700 τρέπεσθαι
614 3610 807 3688 κελεάδντες.
835 3609 891 3672 καλ
910 3605 944 3674 σί
961 3611 1065 3673 ταῦτα
1078 3602 1146 3687 μά-

109 3715 209 3783 λιστα
227 3717 402 3791 ποιοῦντες
418 3713 562 3797 μάλιστα
575 3712 808 3798 μακαρίζεσδε.
837 3710 870 3777 οί
888 3709 924 3776 δὲ
941 3721 1013 3786 τοῖς
1026 3710 1141 3794 κρέασι
1160 3724 1192 3776 11

109 3814 155 3903 μὴ
164 3820 273 3905 τροφῇ
281 3813 443 3902 χρώμενοι
451 3814 560 3898 μόνον,
578 3811 660 3879 ἀλλὰ
673 3816 728 3879 καὶ
736 3811 849 3899 βαφὰς
857 3809 1085 3897 μηχανώμενοι
1099 3803 1143 3874 δι’.

110 3915 230 4001 αάτῶν,
252 3916 320 3986 οίοί
332 3922 370 4005 γε’
383 3916 466 3985 εἰσιν
482 3916 515 3985 οί
526 3914 584 4004 τὴν
598 3915 774 4003 πορφύραν
787 3915 981 4000 βάπτοντες,
1002 3908 1077 3995 οὐχὶ
1087 3911 1143 3977 καὶ

111 4015 209 4091 αὗταί
221 4020 315 4111 παρὰ
324 4021 426 4112 φύσιν
437 4026 580 4113 χρῶνται
593 4029 665 4097 τοῖς
673 4024 732 4085 τοῦ
742 4024 826 4085 θεοῦ
836 4015 1142 4102 κατασκευάσμασις
