2748 4572
238 205 285 276 54
361 224 377 275 .’
548 230 551 237 ·
629 214 883 283 εονκιειιοε

188 348 223 401 ιι
239 320 350 413 αὑτήν
380 322 490 410 χρόνῳ
506 321 543 389 δέ
558 317 695 407 ὕστερον
712 313 866 389 Νέανθον
880 317 939 388 τόν
955 325 1014 389 τοῦ
1030 325 1197 391 Πιττακοῦ
1206 327 1277 412 τοῦ
1357 404 1358 407 ¹

212 441 217 449 '
238 428 396 517 τυράννου
415 432 520 494 ταῦτα
537 422 622 513 ὑπὲρ
639 430 698 510 τῆς
712 423 813 511 λόρας
824 424 1085 508 πυνθανόμενον,
1104 419 1152 505 ιὺς
1164 422 1277 511 έκήλει

238 532 298 615 μὲν
316 533 422 617 θηρία
438 530 495 595 καὶ
507 524 599 616 φυτά
611 529 667 593 καί
679 528 808 606 λίθαυς,
828 523 986 612 έμελςόδει
999 527 1036 592 δὲ
1047 527 1104 593 κοιλ
1115 523 1199 608 μετὰ
1211 524 1275 613 τήν

235 632 377 721 ’όρφέως
395 627 569 719 συμφοράν
584 626 723 716 μηδενὸς
745 624 949 713 ἁπτομένου,
974 625 1060 715 πρὸς
1080 625 1189 713 έρωτα
1210 635 1273 699 τοῦ

237 735 404 824 κτήματος
422 732 570 800 ἐκπεσεῖν
591 734 648 798 καὶ
665 733 911 819 διαφθείραντα
927 728 985 805 τὸν
1008 730 1097 818 ίερέα
1113 729 1273 817 μεγάλαις
1358 762 1359 799 ι

237 839 384 926 χρήμασι
404 848 523 903 πεῖσαι
549 831 721 901 ὑποθέντα
748 832 860 923 ἑτέραν
885 830 1006 917 ὁμοίαν
1032 832 1132 920 λύραν
1159 834 1275 902 δοῦναι
1358 850 1359 861 ’

239 937 331 1026 αὐτῷ
347 937 405 1025 τήν
421 944 480 1005 τοῦ
496 935 649 1026 Ὀρφέως,
670 937 814 1022 λαβόντα
832 936 869 1003 δὲ
884 932 963 1020 μεθ’
974 931 1096 1024 ήμέραν
1112 936 1172 1021 μέν
1186 934 1273 1026 ἕκτῇ

108 1124 113 1132 .
235 1042 340 1110 «πόλει
363 1044 511 1128 χρῆσθαι
538 1036 597 1106 οὑκ
618 1036 767 1126 ἀσφαλές
793 1039 932 1106 οἰλεσθαε
958 1034 1056 1119 εἶναι,
1083 1038 1208 1127 νύκτωρ
1234 1039 1275 1107 δέ

236 1141 311 1212 ὑπὸ
333 1145 458 1211 κόλπον
480 1142 594 1226 ’έχοντα
615 1143 716 1227 μόνον
742 1139 924 1231 προελθεῖν
949 1139 986 1220 ές
1008 1138 1048 1210 τὸ
1071 1141 1273 1226 προάστειον

237 1250 295 1314 καὶ
310 1242 606 1335 προχειρισάμενον
618 1246 748 1333 κρούειν
761 1246 817 1310 καί
829 1232 1062 1331 συνταράττειν
1074 1241 1135 1322 τὰς
1149 1239 1274 1332 χορδάς
1307 1262 1310 1265 ·

160 1410 166 1421 .
240 1346 373 1433 ἄτεχνον
390 1351 446 1415 καὶ
464 1344 610 1433 άμσυσον
627 1352 801 1426 νεανίσκων,
826 1345 1000 1427 ἐλπίζοντα
1020 1347 1101 1433 μέλη
1119 1343 1193 1413 τινὰ
1210 1351 1275 1412 θε-
1359 1362 1360 1365 ’

236 1457 365 1520 σιτέσια
382 1448 563 1538 ὑπηχήσειν
578 1448 637 1536 τήν
652 1452 764 1537 λόραν,
783 1445 839 1537 ὑφ’
850 1438 897 1516 ὧν
914 1449 1042 1526 πάντας
1058 1449 1274 1529 καταθέλξειν

183 1592 187 1600 ·
237 1556 296 1619 καλ
308 1543 461 1640 κηλήσειν
482 1555 539 1618 καί
559 1552 721 1638 μακάριον
743 1550 884 1619 ἔσεσθαι
905 1550 1192 1639 κληρονομήσαντα
1213 1554 1274 1637 τῆς

87 1713 106 1735 ,
237 1652 378 1741 Ὀρφέως
394 1659 565 1740 μουσικῆς,
591 1649 666 1740 άχρι
685 1650 723 1740 δή
742 1652 963 1732 συνελθόντας
979 1649 1055 1732 τοὺς
1072 1651 1171 1731 κύνας
1186 1649 1274 1740 πρὸς

223 1754 298 1823 τόν
320 1746 398 1842 ήχον
418 1795 461 1805 -
481 1756 604 1822 πολλοὶ
625 1756 663 1822 δὲ
689 1745 773 1843 ήσαυ
800 1752 925 1823 αὑτόθι
945 1793 988 1804 -
1010 1753 1274 1823 διασπάσασθαι

240 1854 350 1937 αὑτὸν,
374 1855 419 1936 ὦς
440 1864 539 1925 τοῦτο
561 1863 644 1944 γοῦν
660 1851 776 1940 άμοιον
797 1864 844 1943 τῷ
859 1855 970 1946 Ὀρφεῐ
988 1864 1117 1924 παθεῖν
1136 1858 1193 1923 καί
1206 1855 1275 1940 μό-

238 1984 316 2039 νους
334 1957 385 2047 ἐφ’
397 1956 512 2027 ἑαυτὸν
529 1962 728 2046 συγκαλέσαι
739 1957 818 2039 τοὺς
834 1959 941 2040 κάνας,
961 1954 1080 2045 ὅτεπερ
1098 1961 1154 2029 καὶ
1167 1963 1273 2047 σαφέ·

163 2050 171 2061 ’
238 2085 346 2129 στατα
362 2058 468 2150 ιάφθη
487 2059 533 2141 ὡς
550 2058 609 2143 οὑχ
625 2058 645 2148 ή
659 2060 743 2149 λάρα
759 2058 780 2150 ή
797 2063 966 2147 θέλγουσα
988 2051 1037 2148 ήν,
1056 2058 1125 2128 ἀλλ’
1140 2057 1161 2149 ή
1178 2066 1271 2148 τέχνη

215 2198 221 2203 ·
237 2161 477 2252 καὺήηλδή,“
457 2190 479 2230 α
496 2164 583 2248 μόνα
601 2162 751 2251 ἐξαίρετα
767 2170 815 2250 τῷ
829 2160 938 2287 Ὀρφεῑ
959 2162 1053 2252 παρὰ
1074 2170 1132 2251 τῆς
1148 2162 1272 2252 μητρὸς

239 2261 391 2354 ὑπῆρχεν,
414 2294 434 2354 η
422 2263 540 2355 λάροι
563 2267 600 2333 δέ
622 2262 731 2345 άλλως
752 2271 859 2407 κτῆμα
880 2256 918 2352 ήν
941 2262 1077 2334 οάδλν”
1054 2289 1187 2351 αμεινον
1204 2271 1272 2334 τιῦν
1361 2316 1362 2323 1

239 2363 348 2437 άλλων
365 2373 541 2457 βαρβίτων.

189 2489 222 2538 13
293 2471 411 2535 Καλτί
397 2474 483 2553 ίσοι
498 2468 556 2536 τὸν
571 2466 726 2557 Ὀρφέα
705 2497 724 2556 η
742 2467 800 2538 τὸν
817 2475 970 2538 Νέανθον
988 2414 1129 2557 most
1110 2492 1196 2537 οπου
1214 2470 1273 2535 καὶ

80 2634 84 2637 ,
174 2657 180 2662 .
239 2566 347 2637 καθ’(
328 2576 415 2657 ημᾶς
432 2567 552 2651 αὑτοὺς
570 2570 694 2658 ίγένετό
713 2598 765 2652 τις
781 2574 838 2639 καλ
856 2571 905 2639 έτι
922 2571 1019 2654 εστὶν,
1040 2568 1180 2656 olma,u
1164 2595 1201 2650 ος
1212 2562 1288 2638 τὸν

235 2670 427 2760 Ἐπικτήτου
448 2674 593 2756 λάχνον
585 2681 645 2742 τοῦ
667 2681 815 2742 Στωϊκοῦ
836 2681 1016 2762 κεραμεοῦν
1042 2670 1121 2741 όντα
1146 2698 1272 2763 τρισχι-

235 2778 317 2843 λίων
339 2776 493 2863 δραχμῶν
515 2774 672 2862 έπρίατο,·
693 2774 810 2865 ήλπιζε
826 2770 904 2865 γὰρ,
929 2773 1036 2860 οἶμαι,
1059 2772 1219 2856 κάκεῑνος,
1240 2775 1273 2844 εἰ

237 2884 304 2944 τιῦν
324 2884 448 2944 νυκτῶν
469 2874 524 2945 ὑπ’
540 2877 650 2973 έκείνφ
672 2885 721 2966 τῷ
743 2879 846 2966 λάχνῳ
875 2875 1126 2966 ἀναγιγνώσκοι,
1155 2875 1272 2947 αὑτίκα

237 2978 329 3062 μάλα
346 2981 402 3045 καί
423 2978 482 3067 τὴν
495 2977 687 3069 Ἐπικτήτου
707 2986 830 3069 σοφίαν
849 2976 927 3070 όναρ
952 2980 1193 3069 ἐπικτήσεσθαι
1214 2984 1273 3049 καὶ

188 3102 221 3152 14
239 3076 357 3161 ὅμοιος
379 3081 521 3150 ε’σεσθαι
542 3109 590 3170 την
613 3089 802 3170 θαυμαστῷ
824 3082 934 3170 έκείνῳ
956 3088 1094 3171 γέροντι.
1128 3084 1211 3167 χθὲς
1232 3084 1272 3151 δέ

236 3186 293 3251 καὶ
314 3209 430 3309 πρῳην
452 3182 550 3264 άλλος
571 3211 623 3265 τις
644 3184 702 3273 τήν
720 3191 883 3273 Πρωτέως
903 3192 962 3253 τοῦ
983 3192 1124 3253 Κυνικοῦ
1148 3192 1271 3274 βακτη-

228 3286 357 3376 ρίαν,ι
339 3314 377 3375 ην
395 3292 620 3372 καταθέμενος
633 3283 734 3377 ήλατο
749 3286 828 3368 ές
794 3314 834 3356 το
847 3295 924 3377 πῦρ,
944 3288 1105 3356 ταλάντου
1123 3278 1271 3369 κάκεῖνος

237 3388 391 3477 ἐπρίατο,
419 3388 515 3456 καί”
497 3415 562 3472 εχει
583 3388 696 3474 μέν
662 3415 701 3457 το
723 3376 890 3478 κάιμήλιον
911 3397 1010 3459 τοῦτο
1032 3393 1087 3457 καὶ
1095 3391 1270 3479 δείκνυσιν

234 3486 284 3569 ὥς
304 3496 460 3576 Τεγεᾶται
476 3499 536 3559 τοῦ
554 3491 730 3559 Καλυδωνί
716 3497 767 3558 ίου
789 3489 849 3571 ὑὸς
870 3491 909 3560 τὸ
928 3493 1032 3581 δέρμα
1054 3495 1111 3561 καὶ
1130 3499 1274 3581 Θηβαῖοι

235 3590 278 3659 τὰ
306 3588 390 3660 ὀστᾶ
415 3601 474 3662 τοῦ
496 3594 664 3681 Γηρυόνου
689 3599 746 3662 καί
767 3605 942 3682 Μεμφῖται
966 3602 1026 3683 τῆς
1044 3592 1165 3675 Ἴσιδος
1191 3592 1271 3675 τοὺς

234 3696 441 3780 πλοκάμους,
462 3695 562 3777 αὐτὸς
580 3698 617 3764 δὲ
635 3693 653 3764 ὑ
671 3704 730 3764 τοῦ
749 3703 948 3781 θαυμαστοῦ
964 3698 1127 3784 κτήματος
1145 3697 1271 3765 δεσπό-

144 3852 152 3857 .
235 3822 294 3883 της
309 3801 366 3875 καὶ
384 3797 484 3867 αὑτὸν
502 3801 539 3867 σί
556 3805 595 3889 τῇ
614 3796 819 3889 άπαιδευσίφ
835 3803 888 3867 καὶ
911 3790 1069 3889 βδελυρίφ
1090 3797 1272 3889 ὑπερηκόν-

234 3923 335 3968 τισεν.
367 3899 447 3989 ὑρᾷς
465 3897 558 3982 ὅπως
575 3903 824 3987 κακοδαιμόνως
841 3903 1017 3983 διάκεισαι,
1036 3910 1217 3991 βακτηρίας
1236 3900 1271 3982 ές

186 4023 219 4071 ιι
236 4000 293 4091 τήν
310 4002 452 4101 κεφαλήν
471 4001 516 4084 ιὺς
528 4002 671 4095 ’άληθῶς
689 4008 853 4092 δεόμενος.
889 4009 1018 4095 λέγεται
1034 4005 1096 4096 γὰρ
1115 4009 1170 4075 καὶ
1187 4015 1271 4075 Διο-
