2792 4580
247 227 312 295 216
547 304 552 309 ,
587 220 593 229 ’
638 232 891 291 ΔονΚιΑνοε

299 362 374 416 ΦΙΔ.
411 342 629 430 Μεμνήσομαι
648 340 699 428 δή.

196 471 230 521 39
300 463 384 518 ΛΥΚ.
417 443 446 516 ‘0
462 450 572 512 τοίνυν
582 440 663 523 Ἴων,
680 440 839 531 “πρῶτσς
857 432 913 509 οάν
932 439 1109 531 ἀρχομαι,”
1129 432 1207 533 ἔφη,
1222 440 1274 512 “tl

238 546 368 618 ·δοκεῑ.”
395 551 451 615 καὶ
462 545 578 636 μικρὸν
593 543 747 628 έπισχαλν,
759 541 878 633 “έχρήν
888 547 948 629 μὲν
961 536 1080 628 ἰ’σως,”Υ
1094 544 1167 635 έφη,
1184 543 1274 614 “τοι-
1364 592 1365 611 2

249 653 354 721 οότων
381 648 507 737 ἀνδρῶν
533 648 706 736 παρόντων
731 650 810 736 περὶ
833 646 928 714 ίδεολν
953 651 1067 716 τεκαὶ
1093 645 1276 733 ἀσωμάτων

248 755 355 823 εἰπεῖν
372 756 427 820 καὶ
444 757 553 839 ψυχῆς
571 748 773 845 ἀθανασίας·
800 749 855 817 ἵνα
879 751 915 817 δέ
935 749 980 839 μή
1005 748 1200 838 ἀντιλέγωσί
1218 776 1276 836 μοι

247 855 374 926 ὁπόσοι
389 852 435 944 μή
453 852 538 923 κατδι
555 850 659 921 ταότά
678 854 914 941 φιλοσοφοῦσι,
934 856 1012 953 περὶ
1029 850 1145 941 γάμων
1159 852 1224 943 έρῶ
1236 850 1277 920 τὰ

248 959 370 1027 είκότα.
405 956 444 1024 τὸ
462 958 522 1041 μὲν
540 946 596 1022 οὖν
615 951 750 1044 ἀριστσν
767 945 806 1043 ἦν
823 953 867 1042 μὴ
888 956 1025 1023 δεῖσθαι
1046 956 1170 1043 γάμων,
1196 953 1277 1045 ἀλλά

132 1128 135 1133 .
248 1065 471 1144 πειθομένους
488 1058 642 1126 Πλάτωνι
658 1060 712 1124 καὶ
730 1057 900 1142 Σωκράτει
916 1058 1165 1147 παιδεραστεῖν·
1184 1059 1279 1142 μόνοι

248 1170 325 1252 γοῦν
348 1162 550 1230 αἱτοιαῦται
573 1157 830 1227 ἀποτελεσθεῖεν
856 1156 897 1227 ἀν
922 1158 1009 1248 πρὸς
1032 1158 1166 1250 ἀρετήν·
1195 1160 1225 1228 εί
1247 1157 1277 1226 δ’

240 1266 319 1335 ’ἔδει
339 1268 396 1332 καὶ
417 1269 600 1351 γυναικείου
622 1263 744 1349 γάμον,
773 1259 856 1329 κατὰ
877 1260 920 1330 τὰ
942 1263 1097 1331 Πλάτωνι
1120 1260 1280 1330 δοκοῦντα

196 1389 233 1440 40
249 1367 361 1448 κοινὰς
384 1365 468 1434 εἶναι
487 1365 579 1456 έχρήν
596 1364 657 1444 τὰς
673 1377 841 1452 γυναῖκας,
866 1362 912 1444 ὥς
935 1365 997 1446 ’ἐξω
1021 1365 1118 1454 ζήλου
1141 1360 1280 1453 είημεν.”

248 1474 352 1558 γέλως
375 1469 433 1538 έπὶ
449 1470 580 1547 τούτοις
599 1467 724 1556 ἐγένετο
747 1465 793 1547 ὡς
815 1466 874 1534 οόκ
897 1467 929 1536 έν
951 1474 1055 1556 καιρῷ
1077 1471 1283 1556 λεγομένοις·

192 1610 201 1619 ·
249 1573 500 1660 Διονυσόδωρος
514 1568 559 1652 δὲ,
571 1567 753 1651 “moetos
774 1570 848 1659 έφη,
860 1567 1070 1657 (εβαρβαρικδι
1082 1566 1167 1657 ἡμῖν
1181 1566 1283 1660 ᾄδων·

249 1681 318 1743 ποῦ
335 1673 398 1760 γὰρ
417 1670 456 1741 ἀν
475 1670 679 1761 εὑρίσκοιμεν
701 1671 758 1740 τὸν
781 1673 875 1759 ζήλον
894 1672 951 1740 ἐπὶ
972 1672 1091 1739 τούτου
1116 1677 1176 1740 καὶ
1194 1669 1285 1761 παρὰ

250 1774 354 1860 τίνι,·”
371 1772 450 1841 “aaz
469 1773 508 1842 σὺ
523 1772 585 1861 γὰρ
599 1779 739 1863 φθέγγῃ,
759 1775 920 1863 κάθαρμα
930 1771 963 1857 3²²
984 1770 1108 1842 ελπενό
1130 1772 1214 1858 Ἴων,
1233 1776 1286 1841 καλ

252 1876 533 1965 ὃΔιονυσόδωρος
547 1873 808 1964 ἀντελοιδορεῖτο
816 1876 859 1943 τὰ
869 1877 990 1944 εἰκότα.
1014 1874 1082 1944 ἀλλ’
1095 1874 1287 1968 ὃγροιμμα-

250 1980 342 2059 τικδς
356 1978 508 2058 Ἱστιαῖος
527 1975 545 2045 ό
563 1978 742 2064 βέλτιστος,
759 1972 994 2061 “παόσασθε,”
1015 1979 1095 2068 ἔφη·
1115 1977 1210 2069 (λέγω
1228 1979 1288 2069 γὰρ

204 2140 207 2145 .
250 2080 328 2168 ὑμῖν
351 2082 579 2167 ἐπιθαλάμιον
602 2079 863 2168 ἀναγνώσομαι.”
900 2084 956 2148 καὶ
973 2079 1166 2172 ἀρξάμενος
1185 2082 1289 2170 ἀνεγί-

197 2207 231 2257 41
249 2208 399 2273 γνωσκεν.
435 2175 473 2271 ήν
490 2182 552 2270 γάρ
570 2191 683 2264 ταῦτα,
704 2185 737 2250 ελ
751 2209 787 2270 γε
804 2189 980 2272 μέμνημαι,
1000 2183 1042 2251 τά
1061 2183 1215 2274 ἐλεγεῖα·

285 2284 329 2356 Ἦ
344 2287 397 2374 οἵη
415 2282 491 2353 πότ’
507 2283 557 2375 ἀρ’
571 2281 808 2371 Ἀρισταινέτου
828 2285 862 2353 έν
878 2286 1054 2374 μεγάροισι

337 2391 394 2456 δῖα
410 2390 576 2467 Κλεανθὶς
595 2384 708 2454 άνασό
725 2385 868 2476 ἐτρέφετ’
884 2386 1055 2471 ἐνδυκέως,
1153 2474 1157 2481 ,

293 2487 470 2579 προόχοοδ
487 2488 617 2557 ἀλλάων
634 2489 776 2556 πασάων
794 2491 1038 2578 παρθενικάων,

336 2599 482 2681 κρέσσων
498 2598 556 2679 τῆς
570 2588 695 2678 Ἑλένης
712 2587 765 2677 ἠδ’
781 2589 898 2678 έρατής
914 2598 1078 2680 Κυθέρης.

293 2701 428 2783 νυμφίε,
447 2697 501 2760 καλ
521 2691 559 2760 σὺ
579 2694 615 2760 δέ
629 2706 737 2783 χαῖρε,
758 2693 910 2781 κράτιστε
926 2701 1010 2762 τεῶν
1030 2678 1241 2788 σονεφήόων,

336 2802 482 2882 κρέσσων
499 2802 623 2884 Νιρῆος
639 2799 694 2862 καλ
714 2797 847 2875 Θέτιδος
864 2796 996 2888 παϊδός.

294 2896 399 2983 άμμες
419 2896 449 2965 δ’
467 2889 545 2965 αὖθ’
560 2895 636 2982 ὑμῖν
653 2905 771 2967 τοῦτον
788 2900 979 2987 θαλαμήϊον
995 2895 1097 2985 όμνον

336 2998 429 3081 ξυνὸν
447 2997 498 3073 ἐπ’
514 2998 716 3089 ἀμφοτέροις
733 3001 893 3081 πολλάκις
911 2999 1077 3091 ᾀσόμεθα.
1114 3020 1117 3027 ’
1215 3030 1220 3035 ’

197 3123 233 3174 42
248 3105 390 3192 γέλωτος
412 3095 469 3171 οὖν
491 3102 549 3171 ἐπὶ
569 3104 714 3183 τούτοις,
739 3101 786 3184 ὥς
805 3102 845 3172 τὸ
868 3102 967 3186 είκδς,
995 3110 1176 3190 γενομένου
1201 3106 1292 3196 α’ίρε-

251 3213 338 3275 σθαι
362 3202 424 3294 ήδη
450 3204 493 3274 τά
518 3210 742 3292 παρακείμενα
764 3205 844 3290 έδει,
872 3209 927 3273 καὶ
950 3202 1118 3276 ἀνείλοντο
1150 3210 1186 3276 οἱ
1212 3211 1291 3297 περὶ

234 3308 306 3377 ’τὸν
324 3306 559 3395 Ἀρισταίνετον
585 3312 641 3376 καὶ
661 3305 823 3398 Εόκριτον
844 3307 886 3376 τά
913 3307 980 3398 πρὸ
1004 3307 1107 3377 αότοῦ
1133 3309 1292 3400 ἑκάτερος

248 3408 338 3496 κάγὼ
364 3408 455 3494 τάμδι
480 3413 536 3477 καλ
562 3407 581 3477 ό
603 3416 749 3499 Χαιρέας
775 3406 840 3477 όσα
869 3410 978 3498 ἐκείνῳ
1007 3410 1114 3479 έκειτο
1142 3416 1204 3480 καὶ
1219 3410 1292 3482 ''va

250 3512 374 3598 δμοίως
395 3516 455 3579 ’καί
482 3510 499 3580 δ
522 3513 721 3600 Κλεόδημος.
766 3509 784 3579 δ
813 3512 849 3579 δέ
869 3515 1012 3602 Δίφιλος
1036 3510 1135 3602 ἠξίου
1164 3520 1225 3583 καὶ
1249 3512 1294 3583 τὰ

248 3622 296 3704 τῷ
310 3616 435 3703 Ζήνωνι
447 3611 509 3705 ήδη
528 3613 664 3683 ἀπιόντι
680 3614 919 3703 παραδοθέντα
933 3620 1104 3705 φέρεσθαι
1123 3622 1185 3685 καὶ
1202 3616 1294 3706 ἔλεγε

249 3719 340 3805 μόνῳ
367 3722 600 3805 παρατεθήναί
625 3717 658 3783 οἱ
688 3713 773 3784 αότδι
803 3720 859 3784 καὶ
883 3716 970 3805 πρὸς
998 3715 1079 3798 τοὺς
1114 3719 1297 3797 διακόνους

244 3820 402 3911 ,έμάχετα
422 3824 477 3887 καί
496 3818 666 3889 ἀντέσπων
683 3826 741 3907 τής
759 3816 895 3907 όρνιθος
913 3818 1158 3907 ἐπειλημμένοι
1177 3817 1297 3908 ὥσπερ

248 3920 306 3990 τὸν
332 3923 523 4010 Πατρόκλου
550 3920 661 4008 νεκρόν
688 3919 913 4003 ἀνθέλκοντες,
941 3924 997 3989 καὶ
1023 3924 1127 4001 τέλος
1158 3922 1297 4010 ἐνικήθη

230 4027 305 4090 ·καὶ
323 4022 438 4112 ἀφῆκε,
458 4023 562 4093 πολὺν
580 4028 707 4112 γέλωτα
724 4020 904 4115 παρασχὼν
920 4037 992 4104 τοῖς
1005 4023 1225 4110 συμπόταις,
1244 4023 1301 4089 καλ
