2748 4572
216 218 258 283 14
593 216 858 284 ‹AOYKIANOI'

66 396 74 413 s
215 360 280 422 φον
298 332 498 412 δεικνύοντες
517 330 578 403 οάκ
600 332 821 414 αἰσχύνονται,
842 328 1014 418 Ἀθηναῖοι
1036 332 1075 400 δέ
1090 331 1151 401 τὸν
1165 331 1252 423 Ἔρι-

102 514 105 519 ν
213 437 352 520 χθόνιον
379 435 414 503 ἐκ
439 441 498 522 τῆς
523 440 582 523 γῆς
614 431 822 522 ἀναδοθῆναί
845 457 934 522 φασι
960 437 1018 502 καί
1043 433 1123 515 τούς
1154 436 1252 524 πρώ-
1361 448 1362 521 λ

214 564 292 618 τους
318 535 524 626 ἀνθρώπους
550 533 714 625 ἀναφῦναι
740 535 897 625 καθάπερ
922 534 966 605 τὰ
991 537 1130 620 λάχανα,
1157 536 1249 608 πολὺ
1361 528 1362 563 ÷

215 641 411 728 σεμνότερον
436 630 532 708 οὗτοι
557 646 622 707 τών
650 644 813 727 θηβαίων,
843 643 877 709 οἳ
904 635 941 720 ἐξ
963 636 1076 728 όφεως
1103 638 1250 710 ὀδόντων

213 744 391 830 Σπαρτούς
411 769 504 831 τινας
527 739 843 828 ἀναβεβλαστηκέναι
859 742 1059 828 διηγοῦνται.
1101 742 1138 822 δς
1157 740 1189 811 δ’
1208 740 1249 812 ἀν

215 836 272 914 σύν
298 852 403 914 ταῦτα
434 848 659 932 καταγέλαστα
686 842 765 913 όντα
795 842 840 933 μὴ
868 844 993 930 α’ίηται
1009 841 1121 933 ἀληθῆ
1153 841 1248 927 εἶναι,
1362 908 1363 935 q

215 945 283 1016 ἀλλ’
296 944 527 1038 ἐμφρόνωςάν
546 936 704 1028 ἐξετάζων
721 954 826 1014 ταῦτα
835 951 1000 1036 Κοροίβου
1017 945 1108 1027 τινὸς
1123 943 1146 1034 ἢ
1154 958 1251 1039 Muq-
1362 944 1363 953 ¹

213 1057 306 1140 γίτου
334 1051 447 1138 νομίζῃ
474 1048 513 1117 τὸ
541 1054 732 1117 πείθεσθαι
753 1046 775 1138 ἢ
798 1050 1025 1136 Τριπτόλεμον
1046 1047 1165 1117 ἐλάσαι
1191 1046 1251 1116 διδι

124 1234 127 1243 Ι
214 1160 275 1220 τοῦ
302 1150 399 1243 ἀέρος
423 1151 484 1220 ἐπὶ
510 1152 696 1239 δρακόντων
720 1147 963 1239 ἀπσπτέριον”
940 1180 961 1240 q
982 1157 1078 1219 Πᾶνα
1103 1174 1207 1277 ηκειν
1213 1151 1254 1235 ἐξ

103 1338 109 1345 f
210 1253 341 1343 Αρκαδί
342 1282 381 1335 ας
403 1255 572 1359 σύμμαχον
591 1253 624 1335 ἐς
638 1252 880 1344 Μαραθῶνα
858 1283 878 1379 η
898 1251 1118 1342 Ὠρείθυιαν(
1100 1252 1168 1323 υπὸ
1189 1244 1265 1323 τοῦ·

80 1430 88 1436 ,
213 1362 339 1447 Βορέου
360 1352 628 1447 ἀναρπασθῆναι,
651 1355 772 1445 ἀσεβης
791 1349 887 1438 οὗτός
904 1381 940 1444 γε
957 1352 1052 1423 κάλ’
1031 1356 1171 1445 ανόητος
1187 1353 1251 1424 αύ-

136 1486 149 1519 ν
212 1475 285 1541 τοῖς
299 1455 463 1543 ἐδοξεν”
423 1486 509 1528 ουτω
524 1462 706 1549 προδήλοις
722 1487 778 1528 και
767 1457 939 1547 ἀληθέσι
957 1459 1149 1548 πράγμασιν
1167 1457 1251 1528 ἀπι-
1363 1490 1364 1551 ι

110 1609 126 1635 ι
212 1570 315 1634 στών·
334 1564 368 1643 ἐς
384 1570 543 1631 τοσοῦτον
562 1561 786 1651 ἐπικροτεῖτε
806 1562 940 1649 ψεῦδος.
1045 1566 1053 1581 '

178 1687 197 1735 4
266 1682 341 1736 ΦΙΔ
368 1662 447 1734 Αλλ
469 1664 502 1732 ολ
523 1664 595 1749 μέν
600 1667 752 1751 ποιηταὶ,
777 1689 803 1730 ω
790 1656 982 1787 ’Τυχιάδη
1005 1666 1061 1732 καλ
1080 1663 1251 1745 αλπόλεις

215 1768 252 1835 δὲ
277 1768 468 1894 συγγνώμης
493 1766 691 1892 τυγχάνοιεν
708 1763 762 1848 ἀν,
792 1767 891 1852 ολμδ
876 1764 974 1834 δυτδ
997 1766 1032 1835 ἐκ
1053 1774 1112 1834 τοῦ
1134 1766 1248 1852 μύθου
1364 1824 1365 1835 ,

214 1868 355 1958 τερπνόν
386 1868 640 1957 ἐπαγωγότατον
672 1865 709 1938 όν
740 1868 1027 1965 ἐγκαταμιγνύντες
1055 1876 1095 1959 τῇ
1125 1895 1247 1960 γραφη,

90 1988 93 1995 ’
215 1964 318 2057 οὗπερ
344 1973 491 2056 μάλιστα
517 1973 648 2040 δέονται
669 1969 755 2061 πρὸς
779 1971 857 2053 τοὺς
881 1970 1057 2062 ἀκροατὰς,
1077 1969 1250 2061 Αθηναῖοι

215 2076 252 2143 δε
268 2078 323 2147 καλ
338 2081 477 2164 θηβαῖοι
489 2077 545 2141 καλ
565 2074 598 2142 εί
611 2099 697 2153 τινες
715 2070 810 2142 ἀλλοι
828 2070 1061 2167 σημνοτέρας
1042 2080 1178 2163 αποφοιί
1177 2101 1250 2142 νον-

212 2204 270 2245 ται
290 2176 351 2257 τάς
372 2203 461 2266 πατρ
464 2179 538 2257 ίδας
557 2177 591 2246 ἐκ
607 2185 673 2246 τών
695 2178 866 2247 τοιούτων.
903 2179 934 2246 ει
955 2184 1032 2265 γοῦν
1053 2204 1106 2258 τις
1128 2175 1250 2267 ἀφέλοι

84 2300 88 2305 ’
212 2278 255 2347 τά
281 2281 425 2404 μυθώδη
448 2287 553 2348 ταῦτα
576 2279 611 2348 ἐκ
631 2308 690 2405 της
700 2278 875 2363 Ἑλλάδος,
904 2277 1048 2349 ούδέν
1025 2307 1065 2347 αν
1090 2281 1249 2347 κωλύσειε

194 2385 299 2470 ’λιμῷ
316 2381 393 2463 τοὺς
411 2380 737 2471 περιηγητὰς-αάτών
756 2383 1000 2469 διαφθαρῆναι,
1019 2382 1103 2468 μηδὲ
1121 2378 1249 2463 ἀμισθί

211 2492 277 2552 τών
303 2487 401 2566 ξένων
428 2481 615 2574 τάληθέ’ς
596 2485 726 2552 ακούειν
751 2482 990 2569 ἐθελησάντων.
1027 2481 1060 2547 ολ
1086 2481 1123 2547 δέ
1147 2483 1249 2570 μηδε-

211 2593 292 2673 μιᾶς
310 2587 401 2655 ἕνεκα
422 2588 652 2715 τριαύτηςτ
596 2585 652 2652 αίτ
653 2581 745 2664 ίας“
725 2610 816 2671 ομφς
831 2588 1000 2672 χαίροντες
1012 2609 1059 2670 τφ
1044 2582 1247 2670 ψεύσματι

163 2686 168 2693 ’
213 2689 456 2779 παγγέλοιοι
426 2690 560 2768 εικότως
579 2683 748 2755 δοκοῖεν”
725 2713 774 2754 αν.
1235 2710 1244 2722 ⁷

178 2814 196 2864 ι
264 2808 351 2862 ΤΥΣ
390 2782 435 2859 Εύ
457 2787 667 2878 λέγειςέγώ
689 2786 868 2878 γὰρπαρὰ
888 2780 1123 2913 Εάκράτρος“
1099 2814 1169 2876 ηκιο
1192 2813 1249 2858 σοι
1364 2852 1366 2861 .

211 2901 272 2962 τοῦ
289 2893 377 2961 πάνυ
396 2890 553 2960 πολλὰ
518 2918 560 2959 τα
573 2889 702 2960 ἀπιστα
718 2917 774 2960 και
763 2887 973 3017 μυθώδη’
954 2892 1136 2976 ακούσας,γ
1136 2894 1248 2959 ιᾶλλον

213 2992 388 3080 δὲμεταξδ
406 2993 623 3083 λεγομένων
604 2993 715 3063 απιών
733 2991 873 3089 ᾠχόμην,
893 2990 932 3061 ού
956 2998 1079 3083 φέρων
1083 3001 1145 3062 τοῦ
1159 2993 1248 3082 πρά-

211 3123 336 3186 γματος
352 3096 410 3186 τὴν
426 3096 619 3187 δπερβολην,
640 3094 724 3165 ἀλλά
741 3123 783 3183 με
797 3093 914 3184 ώσπερ
929 3094 990 3163 αἶ’
982 3097 1119 3187 Ερινύες
1133 3095 1249 3184 ἐξήλα-

213 3226 274 3271 σαν
291 3200 401 3270 πολλά
417 3204 577 3293 τεράστια
594 3203 650 3269 καλ
668 3199 832 3269 ἀλλόκοτα
850 3200 1041 3325 διεξιόγτος.

264 3322 340 3377 ΦΙΔ.
366 3312 434 3373 Καί
432 3332 495 3387 τοι,
516 3332 543 3372 ω
528 3295 716 3392 Τυχιάδη,
736 3299 969 3386 ἀξιόπιστοςι
952 3327 970 3370 ο
987 3276 1159 3390 Εὐκράτης
1178 3299 1250 3368 ἐστί

212 3410 268 3477 ’καὶ
282 3405 427 3489 ούδελς’“
404 3435 445 3476 αν
458 3406 535 3477 οάδδ
543 3409 750 3476 πιστεύσειεν
759 3402 990 3487 ώςέκεῑνος“
949 3432 1035 3474 ουτω
1047 3403 1159 3492 βαθὺν
1173 3404 1248 3472 πώ-

213 3535 303 3598 γωνα
319 3516 530 3595 καθειμένος,
555 3506 822 3603 ἐξηκοντούτης’
802 3507 897 3598 ανὴρ,
922 3508 972 3576 έτι
986 3511 1042 3576 καὶ
1060 3510 1250 3597 φιλοσοφίᾳ

215 3610 320 3681 συνὼν
341 3610 527 3695 τὰπολλὰ,
554 3610 761 3697 ἀπομείνειεν
784 3609 824 3680 ἀν
845 3612 901 3678 καλ
923 3609 1025 3678 ἀλλου
1047 3608 1137 3688 τινὸς
1161 3621 1251 3695 ψευ·

215 3718 353 3802 δομένου
379 3713 522 3785 ἀκούσαι
547 3713 677 3805 πυράν,
706 3713 766 3799 οάχ
791 3710 887 3794 ὅπως
908 3709 1009 3792 αάτός
1028 3736 1064 3780 τι
1084 3715 1250 3798 τολμῆσαι

213 3826 375 3888 τοιούτω.

266 3936 353 3992 ΤΥΧ
390 3917 435 3990 Ού
457 3917 518 4010 γάρ
537 3918 657 4002 οἶσθα,
677 3912 709 3986 ὦ
728 3918 850 4007 έιαῑρε,
874 3915 931 3985 οἷα
947 3917 1006 4001 μέν
1029 3912 1128 3995 εἶπεν,
1153 3908 1251 3995 ὅπως
1340 3922 1350 3937 “

215 4023 252 4090 δέ
266 4020 351 4091 αὐτὰ
365 4021 587 4106 ἐπιστώσατο,
602 4022 650 4104 ώς
660 4024 699 4093 δὲ
710 4024 765 4089 καλ
784 4020 957 4105 ἐπώμνυτο
973 4031 1047 4098 τοῖς
1064 4021 1247 4096 πλείστοις,
1352 4062 1357 4069 ·
