2748 4572
254 234 261 239 “
301 245 367 301 nx
391 243 903 302 σεκΔοΛοειΣεΗΣῳ-εο.
942 213 954 222 ’
1076 233 1120 301 79

17 380 18 433 f
86 353 235 438 θάνομαι
257 350 293 417 δέ
314 352 371 417 καί
389 375 540 438 κτηματα
562 346 647 418 εἶναί
667 372 726 418 σοι
745 348 905 438 μεγάλα
893 348 976 440 παρ’
993 347 1117 434 αόταίς,

85 455 123 525 τό
144 455 299 541 δύστηνον
316 451 420 520 ἐκεῖνο
437 457 586 541 πυργίον,
605 449 652 533 ὥς
667 450 726 522 τὸν
742 478 800 523 τοο
786 458 994 534 Σινωπέως
1010 449 1119 536 πίθον

84 557 143 646 τὴν
160 555 241 657 Διὸς
259 552 360 644 αὐλὴν
377 552 462 623 είναι
479 554 565 643 πρὸς
582 553 676 624 αότό

138 652 221 783 Τρὺς
241 658 301 744 μέν
323 655 363 746 δὴ
386 661 527 738 πολίτας
550 655 677 747 οὐδαμῆ
704 655 858 745 οὐδαμῶς
882 665 1121 745 μεταπείσειας

85 761 125 831 δν
135 788 182 851 μη
168 758 270 845 οόχί
282 767 350 829 τῶν
364 758 521 835 ἁπάντων
532 761 782 847 βδελυρώτατόν
796 786 834 830 σε
846 758 1014 850 ἡγεῖσθαι,
1034 758 1119 830 όνει-
1225 844 1230 851 .

86 868 141 946 δας
157 861 269 933 κοινὸν
287 861 403 952 άπάση
420 870 460 953 τῇ
477 863 587 941 πόλει.
614 864 699 948 τάχα
717 862 749 932 δ’
761 861 802 933 δν
818 862 896 945 τοὺς
910 860 1030 944 ἄλλους
1041 862 1119 946 τοὺς
1137 886 1171 934 20

86 968 116 1037 ἐν
132 972 242 1056 Συρίῳ
259 967 466 1053 προσλάβοις
484 962 699 1055 ὁμοψήφους,
723 967 753 1035 εί
770 969 876 1055 λέγοις
896 969 998 1057 μηδὲν
1016 992 1120 1055 πονη-

83 1069 137 1159 ρδν
156 1071 243 1157 μηδὲ
262 1068 414 1155 ἐπαίτιον
430 1060 623 1155 βεβιῶσθαί
640 1094 705 1138 σοι.
738 1067 917 1159 Ἡράκλεις,
940 1067 1038 1158 ἡμὲν
1051 1066 1121 1142 Ἀν-

81 1176 212 1256 τιόχεια
228 1174 285 1239 καὶ
300 1170 437 1261 τοόργον
455 1169 537 1240 αὐτὸ
556 1169 650 1255 εἶδεν,
670 1169 726 1240 ὅτε
737 1171 795 1241 τὸν
812 1172 984 1261 Ταρσόθεν
1000 1167 1120 1261 ἥκοντα

82 1275 207 1344 ἐκεῖνον
223 1279 389 1342 νεανίσκον
407 1273 589 1361 ἀπαγαγών
601 1324 611 1342 .
621 1326 630 1342 .
641 1325 650 1343 .
662 1325 671 1343 .
685 1273 770 1347 ἀλλὰ
784 1278 840 1343 καί
854 1273 1022 1364 ἀναδέρειν
1036 1272 1121 1343 αὗτδι

82 1376 221 1464 αἰσχρὸν
243 1377 326 1456 ἰ’σλος
349 1375 433 1462 ἐμοί.
477 1375 564 1465 πλὴν
587 1374 670 1444 ἀλλὰ
691 1378 787 1445 ἰ’σασί
807 1401 844 1464 γε
865 1378 921 1443 καλ
941 1382 1121 1465 μέμνηνται

16 1560 17 1563 ¹
82 1482 113 1549 οἱ
139 1481 221 1548 τότε
246 1477 324 1564 ὑμῖν
350 1478 545 1559 ἐπιστάντες
570 1482 626 1547 καλ
652 1482 691 1557 σέ
710 1481 769 1564 μέν
797 1478 830 1560 ἐς
851 1478 929 1566 γόνυ
952 1479 1121 1569 συγκαθή·

15 1944 17 2001 λ

80 1609 182 1671 μενον
210 1582 350 1663 ἰδόντες,
379 1580 500 1650 ἐκεῖνον
522 1582 559 1650 δέ
582 1577 730 1650 οἶσθαό
751 1585 862 1653 τεκαὶ
883 1588 1060 1662 ποιοῦντα,
1090 1582 1121 1649 εἰ

79 1715 124 1818 μη
155 1686 372 1753 παντάπασιν
399 1682 590 1771 ἐπιλήσμων
610 1710 662 1764 τις
684 1682 723 1753 εἷ.
760 1682 829 1752 άλλ
847 1685 880 1752 οἱ
901 1683 934 1752 ἐν
955 1685 1118 1774 Αἰγύπτῳ
1139 1707 1169 1756 21

80 1791 168 1869 ισως
189 1786 391 1876 άγνοησουσί
412 1810 450 1853 σε
467 1788 502 1854 οι
521 1785 607 1871 μετὰ
626 1786 709 1867 τοὺς
727 1788 761 1856 ἐν
778 1794 883 1878 Συρίᾳ
901 1785 1121 1873 θαυμαστοὺς

82 1891 216 1969 όθλονς
242 1888 307 1957 ἐκεί
294 1895 382 1968 ίνοος
407 1885 650 1974 ὑποδεξάμενοι
677 1892 841 1979 φεύγοντα
867 1887 1047 2016 ξ’ῳολςελ
1014 1916 1122 1972 επση

15 2006 16 2021 ’
81 1992 152 2062 όπὸ
176 1999 244 2061 τῶν
266 1992 535 2079 ἱματιοκαπήλων
562 1994 773 2078 διωκόμενον,
802 2020 871 2079 παρ
902 1985 948 2060 ὧν
974 1993 1121 2082 ἐσθῆτας

82 2099 280 2174 πολυτελεῖς
297 2095 480 2183 πριάμενος
498 2093 621 2182 ἐῳόδια
638 2092 732 2178 εἶχες.
764 2092 832 2162 ἀλλ’
845 2092 903 2162 οόκ
921 2095 1046 2163 ἐλάττω
1066 2120 1122 2164 σοι
1154 2140 1156 2145 »
1235 2132 1238 2137 -

51 2194 56 2207 ’
76 2198 100 2289 οἱ
118 2198 345 2288 Ἀλεξάνδρεια
363 2198 520 2279 σύνοιδεν,
545 2195 623 2265 οόδέ
640 2197 687 2281 μὰ
706 2195 760 2265 Δί’
778 2197 870 2285 ἐχρῆν
893 2200 1046 2287 δευτέραν
1063 2194 1124 2285 τῆς

79 2300 276 2384 Ἀντιοχείας
298 2301 474 2387 κεκρίσθαι
495 2295 610 2389 αότὴν,
635 2295 741 2387 άλλῆ
761 2325 797 2367 τε
820 2296 982 2367 ἀκολασία
1003 2324 1123 2387 γυμνο-

14 2440 15 2443 “
83 2410 165 2494 τέρα
186 2405 244 2470 καὶ
265 2399 284 2491 ἡ
309 2403 521 2492 αἰσχρουργία
545 2427 601 2470 σοι
616 2401 690 2469 ἐκεῖ
710 2401 950 2491 ἐπιμανεστέρα
971 2404 1026 2469 καλ
1043 2396 1122 2470 τεό-

84 2533 170 2592 υεμα
197 2504 257 2573 ἐπὶ
280 2506 412 2584 τούτοις
436 2505 548 2589 μεῖζον
574 2508 630 2572 καλ
661 2503 719 2573 ἐπί
749 2512 855 2573 πᾶσιν
886 2502 1075 2584 ἀκάλυπτος
1100 2501 1121 2594 ἦ
1204 2499 1212 2507 ’

14 2658 15 2661 ¹
84 2609 225 2698 κεφαλή.
267 2606 319 2687 εἷς
335 2609 437 2693 μόνος
459 2604 499 2673 όν
522 2604 697 2681 ἐπίστευσέ
718 2632 774 2677 σοι
796 2607 920 2697 ἐξάρνῳ
942 2613 1121 2696 γιγνομένῳ

14 2778 15 2785 ,
84 2714 186 2801 μηδὲν
204 2717 357 2779 τοιοῦτον
379 2710 560 2797 εἰργάσθαι
581 2713 646 2777 καὶ.
657 2710 789 2799 βοηθὸς
811 2707 853 2780 δν
874 2717 1013 2797 κατέστη
1032 2707 1051 2777 ὁ
1069 2733 1124 2777 τε·

14 2856 15 2913 3
86 2819 240 2892 λευταῑος
261 2813 484 2901 μισθοδότης,
513 2808 592 2900 ἀνὴρ
621 2811 654 2880 ἐν
679 2826 752 2892 τοῖς
779 2810 929 2902 ἀρίστοις
946 2811 1122 2898 Ῥωμαίων.

85 2913 233 3002 τοῦνομα
255 2915 292 2983 δὲ
314 2913 414 2995 αὐτὸς
436 2915 556 2994 δώσεις
579 2911 823 3002 ἀποσιωπῆσαί
843 2932 916 3002 μοι,
941 2919 998 2983 καὶ
1018 2921 1124 2983 ταῦτα

86 3018 174 3109 πρὸς
201 3018 330 3098 πάντας
357 3018 490 3097 εἰδότας
516 3016 554 3086 ὃν
574 3021 668 3106 λέγω.
715 3018 836 3097 ἐκεῖνος
861 3025 971 3107 τοίνυν
995 3016 1039 3085 τὰ
1064 3018 1124 3103 μέν

14 3124 16 3143 ³
87 3121 172 3190 άλλα
197 3119 311 3190 ὁπόσα
333 3120 409 3210 ἐ’τλη
431 3120 464 3189 ἐν
485 3127 526 3210 τῇ
549 3127 708 3209 συνουσίᾳ
728 3124 938 3209 τολμηθέντα
958 3117 1026 3188 άπὸ
1050 3125 1122 3201 σοῦ,

14 3280 16 3297 ,
87 3231 119 3291 τί
134 3223 196 3312 χρὴ
215 3228 335 3311 λέγειν,·
359 3220 427 3291 ἀλλ’
439 3220 534 3312 ἡνίκα
551 3247 590 3291 σε
610 3225 771 3308 κατέλαβε
792 3230 852 3291 τοῦ
875 3229 1045 3309 μειρακίου
1063 3226 1122 3289 τοῦ

89 3327 239 3411 οἰνοχόου
257 3332 317 3393 τοῦ
333 3327 535 3406 Οἰνοπίωνος
548 3323 582 3393 έν
593 3325 712 3414 γόνασι
723 3324 878 3410 κείμενον,
898 3330 932 3392 τί
950 3325 1030 3407 σ’ίει,·
1049 3321 1124 3391 ἐπί-

66 3435 224 3499 ’στευσεν
248 3427 288 3496 άν
311 3454 366 3498 σοι
387 3427 432 3518 μὴ
457 3425 715 3523 εἶναιτοιοῦτον
737 3424 820 3497 αότὸ
845 3424 930 3517 δρῶν
951 3425 990 3495 τὸ
1014 3425 1123 3515 ἐργονς

14 3612 16 3617 Ι
89 3528 162 3614 οδκ,
186 3532 221 3599 εί
239 3558 276 3620 γε
296 3531 341 3620 μὴ
365 3532 563 3600 παντάπασι
582 3531 710 3622 τυφλός
730 3523 778 3621 ἦν.
819 3528 887 3599 ἀλλ’
904 3531 1048 3620 ἐδήλωσε
1065 3527 1124 3616 τὴν
1207 3596 1218 3605 ,

88 3636 221 3725 γνώμην
244 3632 360 3704 αότίκα
382 3635 539 3717 ἐξελάσας
563 3642 623 3724 τῆς
649 3635 756 3715 οἰκίας
781 3640 837 3703 καὶ
861 3633 1051 3723 καθάρσιόν
1076 3654 1121 3717 γε,

89 3736 136 3820 ὥς
154 3764 256 3828 ῳασι,
279 3736 496 3827 περιενεγκὼν
514 3736 572 3806 ἐπὶ
587 3743 628 3827 τῇ
647 3745 688 3827 σῇ
706 3737 822 3825 ἐξόδῳ.
855 3735 968 3820 Ἀχαΐα
983 3736 1043 3819 μέν
1059 3731 1122 3822 γὰρ
1141 3732 1175 3802 κε’

89 3845 144 3908 καί
162 3839 285 3910 Ἰταλία
306 3848 404 3923 πᾶσα
424 3840 656 3929 ἐμπέπλησται
676 3847 742 3908 τῶν
769 3846 836 3908 σῶν
863 3839 964 3928 ἔργων
989 3838 1046 3902 καλ
1066 3842 1125 3923 τῆς

90 3941 142 4012 ἐπ’
156 3942 271 4024 αὐτοῖς
289 3945 400 4033 δόξης·
420 3947 478 4012 καί
496 3939 590 4013 ὄναιό
609 3968 646 4030 γε
662 3950 721 4031 τῆς
738 3939 893 4023 εὐκλείας.
931 3936 1017 4007 ὥστε
1038 3936 1125 4026 πρὸς

87 4045 169 4127 τοὺς
190 4048 425 4133 θαυμάζοντας
441 4048 547 4138 έγωγε
568 4045 611 4116 τὰ
633 4047 667 4116 ἐν
685 4043 812 4137 Ἐῳέσῳ
835 4051 890 4114 νῦν
912 4039 1124 4134 πραττόμενα
