2782 4574
35 224 38 235 v

289 197 411 257 LXVII.
436 200 662 257 ETAIPIKOI
683 201 895 259 ΔΙΔΔΟΓΟΙ
909 202 1007 259 ’11.12
1107 190 1170 266 151

140 303 252 395 ἀληθή
270 303 357 373 ἐστιν
376 303 397 371 ἀ
416 303 482 394 φής
499 307 577 395 περὶ
592 309 803 394 Φιληματίου,
822 305 879 395 τὴν
892 308 1036 396 πηνήκην
1048 312 1103 376 καὶ
1117 305 1173 383 ότι

138 410 305 496 βάπτεται
331 409 386 473 καὶ
412 405 451 475 τὸ
473 414 538 509 τῶν
561 405 689 498 ἀλφῶν,
718 405 794 477 οὐδὲ
815 408 1102 497 προσβλέπειν-ἀν
1121 412 1173 485 ότι
1232 408 1234 411 ’

139 506 298 597 δυναίμην
316 505 409 597 αύτῇ.
1034 572 1036 581 .

191 610 302 683 Tm.
325 608 417 698 Ἔροῦ
434 610 491 700 τὴν
509 618 642 701 μητέρα,
662 613 696 682 εἴ
710 636 793 682 ποτε
807 610 959 683 λέλουται
975 612 1044 701 μετ’
1057 612 1171 705 αὐτῆς·

18 796 26 813 t
139 712 297 804 περὶγὰρ
314 720 380 782 τῶν
398 711 479 782 έτῶν
496 712 555 782 κάν
577 713 759 796 ὁπάππος
781 717 971 805 διηγήσεταί
992 742 1061 800 σοι,
1085 719 1171 807 εἴγε
1284 734 1287 737 ’

196 815 214 842 ’'
232 843 255 883 ι.

142 818 176 907 ζῃ
190 842 308 990 gam.
347 915 468 987 Ούκούν
487 917 601 1009 ἐπειδὴ
619 921 756 1009 τοιαύτη
776 919 887 1010 ἐκείνη,
908 917 1097 1011 ἀφῃρήσθω
1111 922 1172 1006 μέν

139 1019 200 1110 ήδη
219 1020 259 1089 τὸ
272 1021 490 1106 διατείχισμα,
509 1023 759 1112 περιβάλλωμεν
774 1024 810 1091 δέ
823 1020 983 1112 ἀλλήλους
995 1022 1051 1090 καλ
1064 1025 1173 1111 φιλῶ-

15 1186 17 1207 ,Ὶ
139 1148 198 1209 μεν
214 1125 272 1191 καὶ
288 1120 426 1211 ἀληθῶς
444 1130 604 1210 συνῶμεν·
625 1126 827 1214 Φιλημάτιον
845 1126 881 1192 δέ
894 1122 1004 1194 πολλὰ
1015 1130 1170 1214 χαιρέτω.

633 1311 675 1364 12.

15 1384 16 1405 ¹
148 1364 163 1374 ”
289 1411 451 1468 mm
471 1411 547 1468 ΚΑΙ
567 1412 732 1468 mrem
752 1412 828 1468 ΚΑΙ
848 1412 1019 1469 mm.

190 1547 292 1605 ΙΟΕΣ.
330 1532 478 1622 θρύπτῃ,
502 1523 671 1617 ὦΛυσία,
695 1532 781 1624 πρὸς
800 1532 873 1619 ἐμός
894 1535 951 1601 καὶ
972 1534 1093 1613 καλῶς,
1118 1528 1206 1606 ὅττι

13 1648 15 1667 ¹
137 1637 220 1726 μήτε
235 1633 387 1726 ἀργύριον
402 1636 542 1704 πώποτε
558 1633 666 1726 ᾔτησά
681 1661 719 1706 σε
731 1635 804 1727 μήτ’
817 1634 996 1704 ἀπέκλεισα
1015 1634 1169 1718 ἐλθόντα,

138 1738 232 1807 ἔνδον
246 1738 364 1827 ἕτερος,
385 1738 536 1821 εἰποῦσα,
555 1741 638 1828 μήτε
650 1738 958 1830 παραλογισάμενον
970 1735 1028 1806 τὸν
1041 1743 1173 1828 πατέρα

12 1846 14 1893 ³
139 1838 160 1930 ἢ
173 1837 375 1933 ὖφελόμεναν
387 1848 445 1929 τῆς
457 1840 581 1935 μητρός
593 1838 846 1931 ήνάγκασαέμοί
858 1868 892 1910 τι
904 1848 1050 1927 κομίσαι,
1067 1837 1173 1909 ὁποῖα

138 1943 176 2010 αλ
194 1938 294 2011 άλλαι
310 1950 475 2026 ποιοῦσιν,
500 1941 568 2011 ἀλλ’
585 1941 688 2025 εύθδς
706 1943 742 2026 ἐξ
763 1941 862 2032 ἀρχῆς
880 1939 1038 2029 άμισθον,
1063 1942 1188 2029 ἀσύμ·’

13 2090 14 2093 =
139 2047 238 2132 βολον
256 2045 481 2134 εἰσεδεξάμην.
526 2042 631 2113 ολσθα
653 2041 752 2127 όσους
779 2043 919 2136 ἐραστὰς
943 2046 1173 2135 παρεπεμψά-

137 2174 219 2237 μην,
245 2151 423 2216 Πυθοκλέα
444 2146 501 2215 τὸν
522 2148 766 2235 πρυτανεύοντα
787 2154 842 2216 νύν
863 2150 919 2213 καὶ
935 2153 1095 2215 Πασίωνα
1115 2146 1173 2216 τὸν

139 2249 318 2338 ναύκληρον
340 2250 473 2319 καὶτὸν
495 2251 685 2339 συνέφηβόν
703 2274 762 2318 σου
784 2252 963 2330 Μέλισσον,
990 2254 1101 2316 καίτοι
1122 2248 1174 2318 έν-

137 2376 239 2440 αγχος
261 2350 495 2433 ἀποθανόντος
517 2348 607 2440 αύτηλ
629 2359 689 2420 τοῦ
711 2349 840 2442 πατρὸς
861 2355 917 2418 καὶ
938 2351 1049 2441 κύριον
1072 2348 1174 2423 αὐτὸν

138 2451 222 2551 όντα
238 2460 296 2543 τής
314 2453 438 2535 ούσίας.
466 2452 529 2542 ἐγὼ
545 2456 580 2522 δέ
595 2457 631 2523 σέ
649 2454 705 2523 τὸν
726 2455 845 2524 Φάωνα
861 2455 962 2539 μόνον
980 2451 1075 2539 εἶχον,
1096 2452 1174 2523 ούτε

13 2556 14 2569 ’
55 2552 60 2557 ’
140 2555 214 2624 τινὰ
236 2559 498 2643 προσβλέπουσα
521 2556 630 2646 ἕτερον
653 2554 728 2625 ούτε
749 2563 949 2648 προσιεμένη
973 2552 1027 2625 ότι
1051 2555 1097 2646 μή
1120 2561 1174 2625 σέ·

22 2680 27 2685 “
136 2655 234 2748 η’)’μην
250 2657 312 2747 γάρ
331 2655 350 2747 ή
370 2656 508 2747 ἀνόητος
522 2657 633 2748 ἀληθῆ
648 2658 732 2728 εἶναι
745 2660 767 2727 ἃ
781 2659 915 2745 ὤμνυες,
934 2662 990 2728 καὶ
1004 2658 1061 2735 διὰ
1073 2658 1173 2739 τοῦτό

33 2790 35 2793 ’
138 2786 199 2830 σοι
215 2767 426 2849 προσέχουσα
444 2758 557 2851 ὥσπερ
576 2760 595 2850 ή
614 2763 788 2851 Πηνελόπη
812 2761 1032 2852 ἐσωφρόνουν,
1056 2760 1175 2846 ἐπιβο-

10 2866 12 2941 ῗ
143 2870 270 2953 ωμένης
286 2872 344 2954 τής
360 2863 484 2953 μητρὸς
505 2867 560 2932 καὶ
578 2863 663 2951 πρὸς
684 2865 744 2946 τὰς
766 2869 867 2954 φίλας
889 2866 1094 2954 ἐγκαλούσης.
1132 2864 1173 2933 σὺ

135 2969 180 3035 δέ
199 2965 338 3057 ἐπείπερ
356 2966 482 3051 ἐ’μαθες
498 2963 688 3056 ὑποχείριον
702 2967 782 3050 έχων
795 2994 836 3052 με
849 2981 1019 3057 τετηκυῖαν
1035 2967 1093 3037 ἐπὶ
1106 2970 1172 3050 σοὶ,

142 3068 220 3158 ἀρτι
236 3070 296 3154 μέν
308 3073 455 3158 Λυκαίνῃ
473 3070 696 3155 προσέπαιζες
713 3069 793 3155 ἐμοῦ
812 3068 949 3157 ὁρώσης,
966 3068 1016 3150 ιιός
1033 3074 1176 3157 λυποίης

143 3170 210 3256 ἐμέ,
231 3167 307 3262 άρτι
326 3172 362 3239 δέ
380 3170 438 3239 σύν
457 3170 532 3255 ἐμοὶ
548 3168 776 3255 κατακείμενος
795 3170 924 3260 ἐπῄνεις
937 3173 1099 3260 Μαγίδιον
1116 3170 1176 3258 τήν

88 3305 94 3310 ·
142 3274 323 3363 ψάλτριαν·
347 3272 409 3361 ἐγὼ
430 3270 461 3340 δ’
476 3273 534 3341 ἐπὶ
550 3274 682 3352 τούτοις
699 3275 830 3363 δακρύω
849 3277 905 3341 καὶ
927 3281 1059 3361 συνίημι
1082 3270 1177 3360 ὖβριὴ

144 3377 270 3464 ζομένη.
306 3376 421 3464 πρῴην
440 3377 476 3444 δέ
494 3372 598 3445 ὁπότε
616 3382 812 3459 συνεπίνετε,
834 3377 970 3465 Θράσων
987 3380 1042 3443 καὶ
1060 3373 1100 3444 σύ
1119 3377 1176 3443 καλ
1232 3441 1237 3448 ι

142 3482 296 3568 Δίφιλος,
311 3485 464 3568 παρῆσαν
473 3476 557 3567 καλή
568 3476 721 3567 αὐλητρὶς
730 3481 921 3567 Κυμβάλιον
934 3482 990 3548 καλ
998 3480 1173 3569 Πυραλλὶς,

51 3620 53 3623 -
141 3580 252 3670 έχθρά
271 3572 355 3647 οὖσα
372 3580 456 3677 ἐμοί.
493 3580 532 3649 σὺ
553 3583 589 3650 δέ
605 3580 692 3651 τοῦτ’
710 3582 807 3664 εἰδὼς
828 3583 886 3673 τήν
904 3583 1094 3669 Κυμβάλιον
1116 3581 1177 3665 μέν
1306 3618 1313 3624 ·
1372 3566 1374 3575 ⁴

144 3678 186 3750 ού
211 3708 271 3766 μοι
296 3683 383 3751 πάνυ
407 3682 561 3772 ἐμέλησεν
583 3681 635 3753 ότι
657 3686 812 3766 πεντάκις
835 3685 1009 3775 ἐφίλησας·
1037 3679 1177 3755 σεαυτὸν

144 3784 207 3873 γὰρ
225 3781 355 3874 όβριζες
367 3786 521 3874 τοιαύτην
535 3780 655 3876 φιλῶν·
673 3788 863 3877 Πυραλλίδα
878 3788 914 3855 δέ
928 3784 1006 3854 ὅσον
1026 3785 1175 3870 ἐνένευες,

144 3890 202 3954 καλ
223 3887 312 3956 πιὼν
335 3884 374 3957 ἀν
396 3886 499 3977 ἐκείνη
521 3889 581 3975 μέν
601 3886 778 3971 ύπέδειξας
799 3887 837 3956 τὸ
860 3889 1029 3979 ποτήριον,
1054 3886 1201 3977 ἀποδω,

143 3985 227 4069 δοὺς
244 3990 281 4059 δέ
297 3997 345 4081 τῷ
362 3993 461 4061 παιδὶ
478 3987 565 4081 πρὸς
581 3989 620 4061 τὸ
639 3982 697 4074 ούς
719 3990 875 4076 ἐκέλευες,
898 3991 930 4060 εἷ
948 3989 995 4082 μή
1011 3993 1178 4081 Πυραλλὶς
