2792 4580
62 238 65 247 .
200 201 325 258 LXXII
351 200 488 257 ’ΠΕΡΙ
502 202 589 261 ΤΗΣ
607 202 764 263 ΣΥΡΙΗΣ
783 204 901 259 ΘΕΟΥ
917 203 1038 261 32-36.
1073 190 1140 259 233

102 314 235 393 κειέμεν
253 306 287 375 ολ
303 306 362 390 μέν
381 305 415 385 ἐς
432 307 603 390 Διόνυσον,
627 304 723 375 ἀλλον
746 309 781 377 δέ
804 306 838 386 ές
856 312 1080 393 Δευκαλίωνα,
1105 307 1139 377 οί

104 414 141 481 δὲ
162 410 198 499 ἐς
215 416 398 497 Σεμίραμιν
420 406 554 496 ἀγουσι·
580 414 637 479 καὶ
657 409 719 500 γάρ
743 408 782 499 δή
805 402 851 479 τάν
870 411 928 478 ἐπὶ
948 418 989 501 τῇ
1010 418 1139 503 κορυφῇ

104 511 209 585 αάτοῦ
231 512 409 602 περιστερὴ
429 519 548 602 χρυσέη
573 513 740 601 ἐπέστητε.
776 514 914 582 τούνεκα
937 514 976 602 δή
994 520 1140 600 μυθέον-
1194 570 1196 582 .

102 642 162 689 ται
178 608 384 703 Σεμιράμιος
402 616 539 701 ἔμμεναι
554 618 632 686 τόδε
651 617 800 706 σημήιον.
829 613 1014 705 ἀποδημέει
1033 619 1069 685 δέ
1088 619 1140 698 δὶς

103 719 248 791 ἑκάστου
258 718 354 798 ,έσεος
372 718 406 799 ἐς
422 720 599 813 θάλασσαν
618 720 651 801 ἐς
667 719 803 809 κομιδήν
821 727 880 791 τοῦ
895 718 990 791 εἶπεν
1006 717 1138 801 ἀδατος.

152 819 204 891 Ἐν
218 817 309 908 αὐτῷ
323 823 359 889 δέ
372 828 420 910 τῷ
433 829 501 911 νηῷ
515 821 669 891 ἐσιόντων
684 824 717 893 ἐν
730 820 885 914 ἀριστερῇ
898 831 1007 893 κέεται
1018 831 1138 914 πρῶτα
1157 846 1191 895 ει

105 926 166 1011 μέν
188 924 313 1011 θρόνος
332 921 471 1004 Ἠελίου,
497 924 598 995 αὐτοῦ
622 928 658 994 δὲ
681 926 755 1006 έδος
778 924 835 995 οάκ
853 927 914 999 ἀνι·
936 928 1059 1012 μούνου
1077 925 1139 1016 γὰρ

100 1024 227 1097 Ἠελίσυ
242 1030 297 1095 καὶ
310 1031 488 1117 Σεληναίης
502 1031 604 1110 ξόανα
618 1026 655 1096 οὗ
671 1031 864 1099 δεικνύουσι.
884 1025 968 1098 ,ὅτευ
984 1031 1020 1098 δὲ
1033 1031 1140 1099 εῗνεκα

47 1134 55 1145 “
86 1121 174 1203 ,ὦδε
192 1131 375 1215 νομίζουσι,
401 1131 463 1218 ἐγὼ
482 1136 537 1201 καὶ
555 1134 632 1199 τόδε
650 1132 790 1217 ἐ’μαθον.
825 1136 958 1221 λέγουσι
974 1145 1064 1201 τοῖσι
1081 1134 1140 1217 μὲν

14 1256 15 1259 ’
105 1230 239 1303 ἀλλοισι
261 1240 376 1302 θεοῖσι
398 1230 490 1305 ὅσιον
513 1234 650 1320 ἔμμεναι
671 1236 773 1317 ξόανα
795 1240 991 1318 ποιέεσθαι,
1016 1232 1054 1303 οά
1077 1234 1139 1325 γὰρ

14 1344 15 1427 η
106 1340 219 1426 σφέων
241 1336 389 1426 ἐμφανέα
411 1339 552 1405 πάντεσι
573 1337 615 1406 τὰ
639 1339 743 1415 ε’ίδεα·
767 1335 892 1418 Ἠέλιος
914 1340 950 1406 δὲ
967 1341 1022 1406 καὶ
1039 1342 1141 1427 Σελη-

14 1430 16 1485 ἐ
105 1443 180 1525 ναέη
199 1439 345 1524 πάμπαν
368 1439 515 1529 ἐναργέες
535 1443 591 1506 καὶ
613 1436 719 1530 σφέας
742 1442 865 1520 πάντες
888 1437 1030 1530 ὁρέουσι
1066 1448 1120 1508 κοί
1172 1478 1179 1511 ι

107 1531 152 1609 (ἀν
170 1541 259 1630 αἰτίη
279 1545 489 1632 ξοανουργίης
506 1555 596 1611 τοῖσι
613 1542 647 1611 ἀν
665 1551 712 1632 τῷ
730 1541 805 1633 ήέρι
817 1549 1071 1632 φαινομένοισι,·

158 1643 250 1713 Μετὰ
269 1646 305 1712 δέ
322 1644 378 1715 τὸν
396 1646 520 1735 θρόνον
537 1653 654 1715 τοῦτον
671 1653 781 1717 κέεται
795 1648 911 1730 ξόανον
922 1645 1136 1729 Ἀπόλλωνος,
1158 1669 1193 1718 35

107 1744 165 1817 οὐκ
178 1745 249 1817 οῖον
264 1747 370 1819 ἐώθεε
384 1750 581 1817 ποιέεσθαι·
602 1751 634 1817 οἱ
646 1752 705 1836 μὲν
718 1750 779 1841 γάρ
791 1747 886 1821 ἀλλοι
895 1750 1017 1830 πάντες
1023 1747 1140 1819 Ἀπόλ-

105 1853 195 1929 λωνα
212 1855 284 1918 νέον
301 1877 337 1919 τε
355 1847 491 1940 ἥγηνται
507 1857 563 1919 καὶ
581 1856 767 1942 πρωθήβην
785 1859 951 1937 ποιέουσι,
969 1861 1089 1947 μοῦνοι
1103 1854 1140 1921 δέ

108 1944 420 2034 οὗτοιηίέπόλλωνος
436 1957 606 2044 γενειήτεω
625 1958 742 2038 ξόανον
765 1959 964 2039 δεικνάοοσι,
987 1961 1043 2025 καὶ
1060 1957 1140 2024 τάδε

14 2074 15 2087 ’
107 2063 278 2138 ποιέοντες
296 2056 439 2137 ἑωυτοὺς
456 2060 514 2142 μὲν
538 2059 743 2141 έπαινέουσι,
764 2058 921 2148 Ἑλλήνων
945 2061 980 2126 δέ
1002 2083 1142 2145 κατηγο-

14 2172 16 2223 ῗ
107 2166 221 2251 ρέουσι
238 2163 294 2227 καὶ
312 2156 565 2242 ἀλλων,ιδκόσοι
579 2159 769 2230 Ἀπόλλωνα
787 2164 895 2230 παῖδα
912 2167 1050 2245 θέμενοι
1070 2160 1142 2226 ἱλά-

109 2287 252 2335 σκονται.
297 2263 385 2350 αίτίη
414 2264 450 2332 δέ
476 2260 549 2352 ήδε·
578 2265 684 2332 δοκέει
711 2261 842 2333 αάτοῖοι
859 2261 990 2352 ’ἀσοφίη
1017 2264 1140 2349 μεγάλη

109 2365 246 2451 έαμεναι
264 2362 381 2434 ἀτελέα
398 2371 582 2434 ποιέεσθαι
598 2379 689 2435 τοῖσι
712 2374 828 2434 θεοῖσι
849 2365 892 2434 τὰ
915 2368 1019 2435 ε’ίδεα·
1047 2364 1085 2433 τὸ
1106 2366 1143 2432 δέ

107 2474 179 2539 νέον
202 2465 314 2548 ἀτελὲς
337 2467 386 2537 ἐτι
407 2469 588 2552 νομίζουσι.
626 2471 659 2537 ἐν
683 2470 797 2537 δὲκαὶ
820 2466 900 2537 ἀλλο
918 2477 966 2558 τῷ
991 2473 1140 2559 σφετέρῳ

104 2568 287 2641 Ἀπόλλωνι
311 2577 573 2661 καινουργέουσι·
599 2579 716 2656 μοῦνοι
734 2569 924 2641 Ἀπόλλωνα
947 2574 1061 2658 εἵμασι
1086 2597 1142 2639 κο-

109 2679 258 2759 σμέουσι.
296 2674 397 2764 έργων
425 2676 461 2742 δέ
483 2672 585 2743 αὐτοῦ
608 2680 687 2763 πέρι
712 2673 822 2743 πολλὰ
848 2676 906 2759 μέν
934 2674 995 2758 ἐ’χιο
1024 2675 1139 2756 εἰπεῖν,
1160 2696 1194 2743 86

108 2774 189 2866 ἐρέω
222 2778 259 2845 δέ
284 2775 322 2845 τὸ
348 2778 495 2863 μάλιστα
525 2779 697 2862 θωμάζειν
723 2775 825 2859 ἀξιον.
870 2784 989 2864 πρῶτα
1021 2778 1056 2845 δέ
1082 2782 1141 2844 τοῦ

105 2886 266 2966 μαντηίου
286 2878 520 2968 ἐπιμνήσομαι.
547 2881 690 2969 μαντήια
707 2878 817 2949 πολλὰ
830 2881 889 2964 μέν
907 2877 985 2968 παρ’
998 2876 1140 2964 Ἕλλησι,

106 2980 221 3057 πολλὰ.
241 2984 276 3050 δέ
297 2985 353 3050 καὶ
370 2980 691 3069 παρἈίγυπτίοισι,
715 2981 757 3050 τά
776 2984 812 3051 δὲ
834 2985 890 3049 καὶ
912 2982 945 3050 έν
962 2990 1003 3072 τῇ
1020 2983 1140 3071 Λιβύη,

105 3087 163 3153 καὶ
182 3084 215 3163 ἐν
232 3092 271 3175 τῇ
291 3087 327 3154 δέ
341 3082 430 3174 Ἀσίη
448 3086 558 3153 πολλά
577 3085 675 3154 ἐστιν.
713 3083 797 3154 ἀλλά
814 3083 857 3153 τδι
874 3086 933 3169 μέν
952 3082 1027 3152 οὔτε
1048 3085 1143 3172 ἱρέων

47 3261 53 3277 Ι
108 3183 186 3255 ἀνευ
205 3183 281 3256 οίίτε
298 3193 498 3279 προφητέων
512 3194 725 3279 φθέγγονται,
747 3183 804 3255 ὅδε
823 3189 859 3255 δέ
878 3185 979 3268 αάτός
992 3213 1028 3255 τε
1042 3193 1145 3254 κινέε

106 3316 167 3359 ται
191 3293 248 3359 καὶ
268 3289 325 3380 τήν
350 3299 508 3382 μαντηίην
535 3291 569 3373 ἐς
594 3294 688 3371 τέλος
715 3288 915 3380 αὐτουργέει.
958 3290 1085 3377 τρόπος
1108 3290 1144 3356 δέ

106 3391 210 3483 αὐτῆς
226 3395 376 3464 τοιόσδε·
399 3387 463 3465 εὖτ’
482 3392 522 3463 ἀν
540 3394 640 3484 ἐθέλῃ
657 3400 923 3485 χρησμηγορέειν,
948 3393 981 3463 έν
1002 3399 1043 3482 τῇ
1066 3392 1145 3480 ἕδρη

106 3504 229 3588 πρῶτα
244 3504 401 3569 κινέεται·
427 3499 460 3568 οἱ
478 3500 516 3567 δέ
531 3526 588 3584 μιν
608 3499 691 3589 ἱρέες
714 3494 831 3566 αάτίκα
854 3495 1015 3585 διείρουσι.
1051 3492 1089 3582 ἢν
1108 3495 1145 3562 δέ

106 3599 155 3690 μή
174 3598 324 3691 ἀείρωοι,
349 3600 367 3671 δ
387 3604 424 3673 δέ
443 3602 556 3693 ίδροίει
573 3605 629 3673 καὶ
647 3601 680 3680 ές
697 3602 794 3686 μέζον
818 3601 868 3670 ἐ’τι
889 3606 1041 3670 κινέεται.
1078 3588 1142 3665 εὖτ’

109 3698 150 3775 ἀν
169 3706 206 3773 δέ
227 3703 409 3786 ἀποδύντες
432 3711 574 3795 φέρωσι,
600 3701 673 3793 ἀγει
691 3710 797 3794 σφέας
818 3705 926 3790 πάντη
950 3702 1146 3791 περιδινέων

107 3810 166 3885 καὶ
188 3808 221 3890 ἐς
244 3807 343 3879 ἀλλον
366 3809 402 3892 ἐξ
427 3807 539 3899 ἐτέρου
565 3795 802 3897 μεταπηδέων.Χ
831 3809 925 3885 τέλος
949 3803 967 3872 δ
995 3799 1148 3891 ἀρχιρεὺς

108 3909 270 3995 ἀντιάσας
289 3913 462 4002 ἐπερέεταί
478 3939 536 3997 μιν
557 3909 636 4001 περὶ
654 3909 810 3981 ἁπάντων
828 3909 1049 3997 πρηγμάτων·
1072 3902 1091 3973 δ
1110 3906 1148 3972 δὲ
1203 3960 1207 3967 .

107 4013 205 4113 ήντι
226 4016 271 4109 μή
295 4018 396 4108 ἐθέλῃ
419 4021 616 4098 ποιέεσθαι,
641 4012 752 4087 ὀπίσω
775 4012 966 4104 ἀναχωρέει,
992 3998 1033 4096 ἢν
1055 4010 1092 4077 δέ
1112 4035 1149 4077 τι
