<?xml version="1.0" encoding="UTF-8"?>
<!DOCTYPE html PUBLIC "-//W3C//DTD XHTML 1.0 Transitional//EN"
    "http://www.w3.org/TR/xhtml1/DTD/xhtml1-transitional.dtd">
<html xmlns="http://www.w3.org/1999/xhtml" xml:lang="en" lang="en">
 <head>
  <title>
</title>
<meta http-equiv="Content-Type" content="text/html;charset=utf-8" />
  <meta name='ocr-system' content='tesseract 3.04.00' />
  <meta name='ocr-capabilities' content='ocr_page ocr_carea ocr_par ocr_line ocrx_word'/>
</head>
<body>
  <div class='ocr_page' id='page_1' title='image "./lucianisamosate00dindgoog_0084.png"; bbox 0 0 2748 4572; ppageno 0'>
   <div class='ocr_carea' id='block_1_1' title="bbox 115 224 1157 439">
    <p class='ocr_par' dir='ltr' id='par_1_1' title="bbox 115 224 1157 439">
     <span class='ocr_line' id='line_1_1' title="bbox 274 224 1157 318; baseline 0.003 -20"><span class='ocrx_word' id='word_1_1' title='bbox 274 272 285 278; x_wconf 92' lang='lat'>-</span> <span class='ocrx_word' id='word_1_2' title='bbox 351 240 430 300; x_wconf 69' lang='lat' dir='ltr'><strong><em>Lm</em></strong></span> <span class='ocrx_word' id='word_1_3' title='bbox 455 224 923 318; x_wconf 48' lang='lat' dir='ltr'><strong><em>mummolum-12.</em></strong></span> <span class='ocrx_word' id='word_1_4' title='bbox 1112 234 1157 301; x_wconf 72' lang='lat'><strong><em>65</em></strong></span> 
     </span>
     <span class='ocr_line' id='line_1_2' title="bbox 115 345 1157 439; baseline 0 -20"><span class='ocrx_word' id='word_1_5' title='bbox 115 354 237 439; x_wconf 89' lang='grc' dir='ltr'><strong><em>λέγειν,</em></strong></span> <span class='ocrx_word' id='word_1_6' title='bbox 262 347 337 417; x_wconf 75' lang='grc' dir='ltr'><strong><em>ἐπεὶ</em></strong></span> <span class='ocrx_word' id='word_1_7' title='bbox 359 348 394 417; x_wconf 70' lang='grc' dir='ltr'><strong><em>εἴ</em></strong></span> <span class='ocrx_word' id='word_1_8' title='bbox 412 349 463 428; x_wconf 84' lang='grc' dir='ltr'><strong><em>τίς</em></strong></span> <span class='ocrx_word' id='word_1_9' title='bbox 479 373 517 436; x_wconf 92' lang='grc' dir='ltr'><strong><em>γε</em></strong></span> <span class='ocrx_word' id='word_1_10' title='bbox 537 345 669 438; x_wconf 78' lang='grc' dir='ltr'><strong><em>τάληθῆ</em></strong></span> <span class='ocrx_word' id='word_1_11' title='bbox 691 346 925 439; x_wconf 82' lang='grc' dir='ltr'><strong><em>κατηγοροῦντι</em></strong></span> <span class='ocrx_word' id='word_1_12' title='bbox 947 350 1054 438; x_wconf 64' lang='grc' dir='ltr'><strong><em>ἑαυτοῦ</em></strong></span> <span class='ocrx_word' id='word_1_13' title='bbox 1079 376 1157 420; x_wconf 86' lang='grc' dir='ltr'><strong><em>συν-</em></strong></span> 
     </span>
    </p>
   </div>
   <div class='ocr_carea' id='block_1_2' title="bbox 10 442 1155 749">
    <p class='ocr_par' dir='ltr' id='par_1_2' title="bbox 10 442 1155 749">
     <span class='ocr_line' id='line_1_3' title="bbox 10 442 1155 541; baseline 0.002 -20"><span class='ocrx_word' id='word_1_14' title='bbox 10 520 12 529; x_wconf 77' lang='grc'><strong><em>,</em></strong></span> <span class='ocrx_word' id='word_1_15' title='bbox 115 442 445 533; x_wconf 86' lang='grc' dir='ltr'><strong><em>επίσταται,ὀῦτος,</em></strong></span> <span class='ocrx_word' id='word_1_16' title='bbox 471 448 579 536; x_wconf 79' lang='grc' dir='ltr'><strong><em>οἶμαι,</em></strong></span> <span class='ocrx_word' id='word_1_17' title='bbox 603 455 658 519; x_wconf 90' lang='grc' dir='ltr'><strong><em>καὶ</em></strong></span> <span class='ocrx_word' id='word_1_18' title='bbox 682 450 716 532; x_wconf 81' lang='grc' dir='ltr'><strong><em>ές</em></strong></span> <span class='ocrx_word' id='word_1_19' title='bbox 736 451 774 520; x_wconf 89' lang='grc' dir='ltr'><strong><em>τὸ</em></strong></span> <span class='ocrx_word' id='word_1_20' title='bbox 795 452 936 541; x_wconf 86' lang='grc' dir='ltr'><strong><em>φανερὸν</em></strong></span> <span class='ocrx_word' id='word_1_21' title='bbox 960 453 1082 541; x_wconf 76' lang='grc' dir='ltr'><strong><em>ἐλέγχει</em></strong></span> <span class='ocrx_word' id='word_1_22' title='bbox 1098 458 1155 523; x_wconf 85' lang='grc' dir='ltr'><strong><em>καὶ</em></strong></span> 
     </span>
     <span class='ocr_line' id='line_1_4' title="bbox 10 548 1155 646; baseline -0.002 -17"><span class='ocrx_word' id='word_1_23' title='bbox 10 548 12 629; x_wconf 53' lang='lat' dir='ltr'>J</span> <span class='ocrx_word' id='word_1_24' title='bbox 113 555 290 624; x_wconf 72' lang='grc' dir='ltr'><strong><em>διευθύνει</em></strong></span> <span class='ocrx_word' id='word_1_25' title='bbox 306 559 361 623; x_wconf 84' lang='grc' dir='ltr'><strong><em>καὶ</em></strong></span> <span class='ocrx_word' id='word_1_26' title='bbox 379 551 584 637; x_wconf 79' lang='grc' dir='ltr'><strong><em>ἀντεξετάζει</em></strong></span> <span class='ocrx_word' id='word_1_27' title='bbox 600 560 648 643; x_wconf 77' lang='grc' dir='ltr'><strong><em>τῷ</em></strong></span> <span class='ocrx_word' id='word_1_28' title='bbox 666 556 754 643; x_wconf 84' lang='grc' dir='ltr'><strong><em>λόγῳ</em></strong></span> <span class='ocrx_word' id='word_1_29' title='bbox 758 602 780 637; x_wconf 43' lang='grc' dir='ltr'><strong><em>,ι</em></strong></span> <span class='ocrx_word' id='word_1_30' title='bbox 794 551 908 646; x_wconf 86' lang='grc' dir='ltr'><strong><em>ῶσπερ</em></strong></span> <span class='ocrx_word' id='word_1_31' title='bbox 932 554 1041 636; x_wconf 83' lang='grc' dir='ltr'><strong><em>οῦδεὶς</em></strong></span> <span class='ocrx_word' id='word_1_32' title='bbox 1058 554 1099 625; x_wconf 83' lang='grc' dir='ltr'><strong><em>ἀν</em></strong></span> <span class='ocrx_word' id='word_1_33' title='bbox 1118 557 1155 627; x_wconf 70' lang='grc' dir='ltr'><strong><em>ἔκ</em></strong></span> 
     </span>
     <span class='ocr_line' id='line_1_5' title="bbox 10 656 1154 749; baseline 0.001 -23"><span class='ocrx_word' id='word_1_34' title='bbox 10 682 12 737; x_wconf 59' lang='lat' dir='ltr'><em>g</em></span> <span class='ocrx_word' id='word_1_35' title='bbox 115 664 176 727; x_wconf 89' lang='grc' dir='ltr'><strong><em>τοῦ</em></strong></span> <span class='ocrx_word' id='word_1_36' title='bbox 194 664 393 746; x_wconf 78' lang='grc' dir='ltr'><strong><em>προφανοῦς</em></strong></span> <span class='ocrx_word' id='word_1_37' title='bbox 410 664 500 725; x_wconf 89' lang='grc' dir='ltr'><strong><em>νικάν</em></strong></span> <span class='ocrx_word' id='word_1_38' title='bbox 523 658 700 741; x_wconf 86' lang='grc' dir='ltr'><strong><em>δυνάμενος</em></strong></span> <span class='ocrx_word' id='word_1_39' title='bbox 722 657 836 747; x_wconf 81' lang='grc' dir='ltr'><strong><em>ίνέδρφ</em></strong></span> <span class='ocrx_word' id='word_1_40' title='bbox 853 661 938 727; x_wconf 80' lang='grc' dir='ltr'><strong><em>ποτὲ</em></strong></span> <span class='ocrx_word' id='word_1_41' title='bbox 959 663 1016 727; x_wconf 82' lang='grc' dir='ltr'><strong><em>καί</em></strong></span> <span class='ocrx_word' id='word_1_42' title='bbox 1038 656 1154 749; x_wconf 81' lang='grc' dir='ltr'><strong><em>ἀπάτη</em></strong></span> 
     </span>
    </p>
   </div>
   <div class='ocr_carea' id='block_1_3' title="bbox 10 760 1268 1571">
    <p class='ocr_par' dir='ltr' id='par_1_3' title="bbox 10 760 758 851">
     <span class='ocr_line' id='line_1_6' title="bbox 10 760 758 851; baseline 0.004 -24"><span class='ocrx_word' id='word_1_43' title='bbox 10 810 11 813; x_wconf 63' lang='lat'>,</span> <span class='ocrx_word' id='word_1_44' title='bbox 113 762 278 851; x_wconf 82' lang='grc' dir='ltr'><strong><em>χρήσαιτο</em></strong></span> <span class='ocrx_word' id='word_1_45' title='bbox 296 760 381 827; x_wconf 86' lang='grc' dir='ltr'><strong><em>κατὰ</em></strong></span> <span class='ocrx_word' id='word_1_46' title='bbox 398 767 463 829; x_wconf 89' lang='grc' dir='ltr'><strong><em>τῶν</em></strong></span> <span class='ocrx_word' id='word_1_47' title='bbox 481 763 659 845; x_wconf 87' lang='grc' dir='ltr'><strong><em>πολεμίων.</em></strong></span> <span class='ocrx_word' id='word_1_48' title='bbox 753 834 758 841; x_wconf 70' lang='grc'><strong><em>,</em></strong></span> 
     </span>
    </p>

    <p class='ocr_par' dir='ltr' id='par_1_4' title="bbox 10 858 1207 1163">
     <span class='ocr_line' id='line_1_7' title="bbox 10 858 1207 953; baseline 0.006 -22"><span class='ocrx_word' id='word_1_49' title='bbox 10 858 11 861; x_wconf 32' lang='grc'><strong>“</strong></span> <span class='ocrx_word' id='word_1_50' title='bbox 161 861 243 932; x_wconf 74' lang='grc' dir='ltr'><strong><em>’Ἰδοι</em></strong></span> <span class='ocrx_word' id='word_1_51' title='bbox 263 860 294 930; x_wconf 82' lang='grc' dir='ltr'><strong><em>δ’</em></strong></span> <span class='ocrx_word' id='word_1_52' title='bbox 309 858 351 932; x_wconf 84' lang='grc' dir='ltr'><strong><em>’άν</em></strong></span> <span class='ocrx_word' id='word_1_53' title='bbox 367 890 420 943; x_wconf 88' lang='grc' dir='ltr'><strong><em>τις</em></strong></span> <span class='ocrx_word' id='word_1_54' title='bbox 436 862 514 942; x_wconf 86' lang='grc' dir='ltr'><strong><em>τοὺς</em></strong></span> <span class='ocrx_word' id='word_1_55' title='bbox 531 864 703 943; x_wconf 76' lang='grc' dir='ltr'><strong><em>τοιούτους</em></strong></span> <span class='ocrx_word' id='word_1_56' title='bbox 719 864 864 948; x_wconf 86' lang='grc' dir='ltr'><strong><em>μάλιστα</em></strong></span> <span class='ocrx_word' id='word_1_57' title='bbox 882 864 915 934; x_wconf 81' lang='grc' dir='ltr'><strong><em>’έν</em></strong></span> <span class='ocrx_word' id='word_1_58' title='bbox 936 892 972 933; x_wconf 85' lang='grc' dir='ltr'><strong><em>τε</em></strong></span> <span class='ocrx_word' id='word_1_59' title='bbox 988 870 1154 953; x_wconf 90' lang='grc' dir='ltr'><strong><em>βασιλέων</em></strong></span> <span class='ocrx_word' id='word_1_60' title='bbox 1173 891 1207 941; x_wconf 88' lang='lat'><strong><em>10</em></strong></span> 
     </span>
     <span class='ocr_line' id='line_1_8' title="bbox 10 962 1154 1054; baseline 0.007 -21"><span class='ocrx_word' id='word_1_61' title='bbox 10 1010 11 1013; x_wconf 59' lang='lat'><em>=</em></span> <span class='ocrx_word' id='word_1_62' title='bbox 113 962 237 1044; x_wconf 88' lang='grc' dir='ltr'><strong><em>αῦλαῖς</em></strong></span> <span class='ocrx_word' id='word_1_63' title='bbox 264 969 420 1053; x_wconf 79' lang='grc' dir='ltr'><strong><em>καὶπερὶ</em></strong></span> <span class='ocrx_word' id='word_1_64' title='bbox 440 964 502 1046; x_wconf 84' lang='grc' dir='ltr'><strong><em>τὰς</em></strong></span> <span class='ocrx_word' id='word_1_65' title='bbox 522 972 589 1034; x_wconf 90' lang='grc' dir='ltr'><strong><em>τῶν</em></strong></span> <span class='ocrx_word' id='word_1_66' title='bbox 616 964 780 1054; x_wconf 80' lang='grc' dir='ltr'><strong><em>ἀρχόντων</em></strong></span> <span class='ocrx_word' id='word_1_67' title='bbox 805 970 862 1035; x_wconf 84' lang='grc' dir='ltr'><strong><em>καὶ</em></strong></span> <span class='ocrx_word' id='word_1_68' title='bbox 889 970 1154 1041; x_wconf 80' lang='grc' dir='ltr'><strong><em>δυναστευόντων</em></strong></span> 
     </span>
     <span class='ocr_line' id='line_1_9' title="bbox 115 1058 1156 1163; baseline 0.007 -27"><span class='ocrx_word' id='word_1_69' title='bbox 115 1070 235 1157; x_wconf 81' lang='grc' dir='ltr'><strong><em>φιλίας</em></strong></span> <span class='ocrx_word' id='word_1_70' title='bbox 252 1058 514 1153; x_wconf 77' lang='grc' dir='ltr'><strong><em>εὐδοκιμοῦντας,</em></strong></span> <span class='ocrx_word' id='word_1_71' title='bbox 535 1069 620 1137; x_wconf 79' lang='grc' dir='ltr'><strong><em>ἐ’νθα</em></strong></span> <span class='ocrx_word' id='word_1_72' title='bbox 637 1068 742 1149; x_wconf 86' lang='grc' dir='ltr'><strong><em>πολὺς</em></strong></span> <span class='ocrx_word' id='word_1_73' title='bbox 758 1072 817 1155; x_wconf 74' lang='grc' dir='ltr'><strong><em>μὲν</em></strong></span> <span class='ocrx_word' id='word_1_74' title='bbox 836 1067 854 1139; x_wconf 85' lang='grc' dir='ltr'><em>ὃ</em></span> <span class='ocrx_word' id='word_1_75' title='bbox 874 1073 1018 1161; x_wconf 86' lang='grc' dir='ltr'><strong><em>φθόνος,</em></strong></span> <span class='ocrx_word' id='word_1_76' title='bbox 1038 1080 1156 1163; x_wconf 84' lang='grc' dir='ltr'><strong><em>μυρίαι</em></strong></span> 
     </span>
    </p>

    <p class='ocr_par' dir='ltr' id='par_1_5' title="bbox 65 1168 1268 1571">
     <span class='ocr_line' id='line_1_10' title="bbox 65 1168 1155 1261; baseline 0.007 -24"><span class='ocrx_word' id='word_1_77' title='bbox 65 1168 71 1181; x_wconf 67' lang='grc'><em>’</em></span> <span class='ocrx_word' id='word_1_78' title='bbox 115 1173 153 1238; x_wconf 83' lang='grc' dir='ltr'><strong><em>δὲ</em></strong></span> <span class='ocrx_word' id='word_1_79' title='bbox 171 1168 341 1253; x_wconf 84' lang='grc' dir='ltr'><strong><em>ῦπόνοιαι,</em></strong></span> <span class='ocrx_word' id='word_1_80' title='bbox 361 1172 562 1256; x_wconf 90' lang='grc' dir='ltr'><strong><em>πάμπολλαι</em></strong></span> <span class='ocrx_word' id='word_1_81' title='bbox 575 1174 617 1240; x_wconf 78' lang='grc' dir='ltr'><strong><em>,δὲ</em></strong></span> <span class='ocrx_word' id='word_1_82' title='bbox 630 1176 807 1240; x_wconf 80' lang='grc' dir='ltr'><strong><em>κολακειῶν</em></strong></span> <span class='ocrx_word' id='word_1_83' title='bbox 820 1177 877 1241; x_wconf 86' lang='grc' dir='ltr'><strong><em>καλ</em></strong></span> <span class='ocrx_word' id='word_1_84' title='bbox 891 1177 1056 1261; x_wconf 78' lang='grc' dir='ltr'><strong><em>διαβολῶν</em></strong></span> <span class='ocrx_word' id='word_1_85' title='bbox 1068 1175 1155 1245; x_wconf 88' lang='grc' dir='ltr'><strong><em>ῦπο-</em></strong></span> 
     </span>
     <span class='ocr_line' id='line_1_11' title="bbox 116 1270 1155 1363; baseline 0.007 -23"><span class='ocrx_word' id='word_1_86' title='bbox 116 1278 250 1352; x_wconf 86' lang='grc' dir='ltr'><strong><em>θέσεις·</em></strong></span> <span class='ocrx_word' id='word_1_87' title='bbox 277 1270 364 1342; x_wconf 78' lang='grc' dir='ltr'><strong><em>ὅπου</em></strong></span> <span class='ocrx_word' id='word_1_88' title='bbox 387 1273 449 1362; x_wconf 82' lang='grc' dir='ltr'><strong><em>γάρ</em></strong></span> <span class='ocrx_word' id='word_1_89' title='bbox 472 1272 526 1342; x_wconf 83' lang='grc' dir='ltr'><strong><em>ἀεὶ</em></strong></span> <span class='ocrx_word' id='word_1_90' title='bbox 544 1278 677 1361; x_wconf 82' lang='grc' dir='ltr'><strong><em>μείζους</em></strong></span> <span class='ocrx_word' id='word_1_91' title='bbox 699 1276 844 1363; x_wconf 75' lang='grc' dir='ltr'><strong><em>ἐλπίδες,</em></strong></span> <span class='ocrx_word' id='word_1_92' title='bbox 874 1278 1021 1346; x_wconf 77' lang='grc' dir='ltr'><strong><em>ἐνταῦθα</em></strong></span> <span class='ocrx_word' id='word_1_93' title='bbox 1041 1283 1099 1347; x_wconf 82' lang='grc' dir='ltr'><strong><em>καὶ</em></strong></span> <span class='ocrx_word' id='word_1_94' title='bbox 1120 1280 1155 1347; x_wconf 84' lang='grc' dir='ltr'><strong><em>ολ</em></strong></span> 
     </span>
     <span class='ocr_line' id='line_1_12' title="bbox 115 1376 1268 1468; baseline 0.007 -26"><span class='ocrx_word' id='word_1_95' title='bbox 115 1376 248 1466; x_wconf 86' lang='grc' dir='ltr'><strong><em>φθόνοι</em></strong></span> <span class='ocrx_word' id='word_1_96' title='bbox 262 1378 496 1464; x_wconf 83' lang='grc' dir='ltr'><strong><em>χαλεπώτεροιΙ</em></strong></span> <span class='ocrx_word' id='word_1_97' title='bbox 511 1381 567 1446; x_wconf 82' lang='grc' dir='ltr'><strong><em>καί</em></strong></span> <span class='ocrx_word' id='word_1_98' title='bbox 588 1376 630 1446; x_wconf 85' lang='grc' dir='ltr'><strong><em>τὰ</em></strong></span> <span class='ocrx_word' id='word_1_99' title='bbox 651 1384 732 1466; x_wconf 90' lang='grc' dir='ltr'><strong><em>μίση</em></strong></span> <span class='ocrx_word' id='word_1_100' title='bbox 752 1377 1019 1468; x_wconf 74' lang='grc' dir='ltr'><strong><em>ἐπισφαλέστερα</em></strong></span> <span class='ocrx_word' id='word_1_101' title='bbox 1040 1384 1096 1448; x_wconf 85' lang='grc' dir='ltr'><strong><em>καὶ</em></strong></span> <span class='ocrx_word' id='word_1_102' title='bbox 1119 1383 1156 1449; x_wconf 84' lang='grc' dir='ltr'><strong><em>αλ</em></strong></span> <span class='ocrx_word' id='word_1_103' title='bbox 1261 1378 1268 1383; x_wconf 66' lang='grc'><strong>’</strong></span> 
     </span>
     <span class='ocr_line' id='line_1_13' title="bbox 115 1472 1152 1571; baseline 0.006 -26"><span class='ocrx_word' id='word_1_104' title='bbox 115 1479 318 1567; x_wconf 77' lang='grc' dir='ltr'><strong><em>ζηλοτυπίαι</em></strong></span> <span class='ocrx_word' id='word_1_105' title='bbox 339 1486 633 1571; x_wconf 88' lang='grc' dir='ltr'><strong><em>κακοτεχνέστεραι.</em></strong></span> <span class='ocrx_word' id='word_1_106' title='bbox 678 1482 800 1561; x_wconf 87' lang='grc' dir='ltr'><strong><em>πάντες</em></strong></span> <span class='ocrx_word' id='word_1_107' title='bbox 828 1472 885 1549; x_wconf 83' lang='grc' dir='ltr'><strong><em>οῦν</em></strong></span> <span class='ocrx_word' id='word_1_108' title='bbox 912 1480 1071 1571; x_wconf 78' lang='grc' dir='ltr'><strong><em>ἀλλήλους</em></strong></span> <span class='ocrx_word' id='word_1_109' title='bbox 1095 1481 1152 1566; x_wconf 82' lang='grc' dir='ltr'><strong><em>ἀξῦ</em></strong></span> 
     </span>
    </p>
   </div>
   <div class='ocr_carea' id='block_1_4' title="bbox 10 1579 1204 1773">
    <p class='ocr_par' dir='ltr' id='par_1_6' title="bbox 10 1579 1204 1773">
     <span class='ocr_line' id='line_1_14' title="bbox 10 1579 1204 1675; baseline 0.006 -28"><span class='ocrx_word' id='word_1_110' title='bbox 10 1630 11 1635; x_wconf 36' lang='lat'>1</span> <span class='ocrx_word' id='word_1_111' title='bbox 116 1581 296 1668; x_wconf 76' lang='grc' dir='ltr'><strong><em>δεδόρκασι</em></strong></span> <span class='ocrx_word' id='word_1_112' title='bbox 317 1586 373 1650; x_wconf 83' lang='grc' dir='ltr'><strong><em>καὶ</em></strong></span> <span class='ocrx_word' id='word_1_113' title='bbox 396 1579 511 1669; x_wconf 85' lang='grc' dir='ltr'><strong><em>ῶσπερ</em></strong></span> <span class='ocrx_word' id='word_1_114' title='bbox 538 1584 574 1651; x_wconf 80' lang='grc' dir='ltr'><strong><em>ολ</em></strong></span> <span class='ocrx_word' id='word_1_115' title='bbox 595 1591 858 1669; x_wconf 87' lang='grc' dir='ltr'><strong><em>μονομαχοῦντες</em></strong></span> <span class='ocrx_word' id='word_1_116' title='bbox 883 1583 1096 1675; x_wconf 75' lang='grc' dir='ltr'><strong><em>ἐπιτηροῦσιν</em></strong></span> <span class='ocrx_word' id='word_1_117' title='bbox 1123 1587 1158 1654; x_wconf 79' lang='grc' dir='ltr'><strong><em>εἴ</em></strong></span> <span class='ocrx_word' id='word_1_118' title='bbox 1201 1630 1204 1635; x_wconf 90' lang='grc'><strong>-</strong></span> 
     </span>
     <span class='ocr_line' id='line_1_15' title="bbox 10 1683 1155 1773; baseline 0.004 -22"><span class='ocrx_word' id='word_1_119' title='bbox 10 1702 12 1739; x_wconf 72' lang='lat'>2</span> <span class='ocrx_word' id='word_1_120' title='bbox 116 1683 185 1752; x_wconf 83' lang='grc' dir='ltr'><strong><em>ποῦ</em></strong></span> <span class='ocrx_word' id='word_1_121' title='bbox 212 1710 247 1751; x_wconf 91' lang='grc' dir='ltr'><strong><em>τι</em></strong></span> <span class='ocrx_word' id='word_1_122' title='bbox 272 1688 446 1772; x_wconf 79' lang='grc' dir='ltr'><strong><em>γυμνωθὲν</em></strong></span> <span class='ocrx_word' id='word_1_123' title='bbox 472 1691 571 1773; x_wconf 81' lang='grc' dir='ltr'><strong><em>μέρος</em></strong></span> <span class='ocrx_word' id='word_1_124' title='bbox 597 1687 779 1755; x_wconf 88' lang='grc' dir='ltr'><strong><em>θεάσαιντο</em></strong></span> <span class='ocrx_word' id='word_1_125' title='bbox 806 1694 865 1754; x_wconf 90' lang='grc' dir='ltr'><strong><em>τοῦ</em></strong></span> <span class='ocrx_word' id='word_1_126' title='bbox 889 1689 1052 1773; x_wconf 86' lang='grc' dir='ltr'><strong><em>σώματος.</em></strong></span> <span class='ocrx_word' id='word_1_127' title='bbox 1098 1692 1155 1756; x_wconf 90' lang='grc' dir='ltr'><strong><em>καὶ</em></strong></span> 
     </span>
    </p>
   </div>
   <div class='ocr_carea' id='block_1_5' title="bbox 10 1784 1263 3125">
    <p class='ocr_par' dir='ltr' id='par_1_7' title="bbox 10 1784 1263 2693">
     <span class='ocr_line' id='line_1_16' title="bbox 116 1784 1173 1880; baseline 0.004 -26"><span class='ocrx_word' id='word_1_128' title='bbox 116 1791 254 1876; x_wconf 87' lang='grc' dir='ltr'><strong><em>πρῶτος</em></strong></span> <span class='ocrx_word' id='word_1_129' title='bbox 273 1784 373 1867; x_wconf 88' lang='grc' dir='ltr'><strong><em>αῦτὸς</em></strong></span> <span class='ocrx_word' id='word_1_130' title='bbox 391 1788 526 1868; x_wconf 71' lang='grc' dir='ltr'><strong><em>ἕκαστος</em></strong></span> <span class='ocrx_word' id='word_1_131' title='bbox 544 1786 630 1856; x_wconf 79' lang='grc' dir='ltr'><strong><em>εἶναι</em></strong></span> <span class='ocrx_word' id='word_1_132' title='bbox 645 1792 846 1880; x_wconf 84' lang='grc' dir='ltr'><strong><em>βουλόμενος</em></strong></span> <span class='ocrx_word' id='word_1_133' title='bbox 863 1798 1080 1880; x_wconf 73' lang='grc' dir='ltr'><strong><em>παρωθεῖται</em></strong></span> <span class='ocrx_word' id='word_1_134' title='bbox 1097 1794 1173 1858; x_wconf 77' lang='grc' dir='ltr'><strong><em>καὶ·</em></strong></span> 
     </span>
     <span class='ocr_line' id='line_1_17' title="bbox 115 1883 1263 1982; baseline 0.003 -24"><span class='ocrx_word' id='word_1_135' title='bbox 115 1891 402 1979; x_wconf 77' lang='grc' dir='ltr'><strong><em>παραγκωνίζεται</em></strong></span> <span class='ocrx_word' id='word_1_136' title='bbox 419 1890 475 1959; x_wconf 86' lang='grc' dir='ltr'><strong><em>τὸν</em></strong></span> <span class='ocrx_word' id='word_1_137' title='bbox 497 1895 637 1978; x_wconf 87' lang='grc' dir='ltr'><strong><em>πλησίον</em></strong></span> <span class='ocrx_word' id='word_1_138' title='bbox 659 1891 788 1960; x_wconf 83' lang='grc' dir='ltr'><strong><em>καὶτὸν</em></strong></span> <span class='ocrx_word' id='word_1_139' title='bbox 810 1892 877 1982; x_wconf 86' lang='grc' dir='ltr'><strong><em>πρὸ</em></strong></span> <span class='ocrx_word' id='word_1_140' title='bbox 902 1891 1018 1974; x_wconf 86' lang='grc' dir='ltr'><strong><em>αῦτοῦ,</em></strong></span> <span class='ocrx_word' id='word_1_141' title='bbox 1043 1894 1073 1960; x_wconf 82' lang='grc' dir='ltr'><strong><em>εἰ</em></strong></span> <span class='ocrx_word' id='word_1_142' title='bbox 1096 1894 1156 1960; x_wconf 80' lang='grc' dir='ltr'><strong><em>δά·</em></strong></span> <span class='ocrx_word' id='word_1_143' title='bbox 1260 1883 1263 1888; x_wconf 45' lang='grc'><strong>’</strong></span> 
     </span>
     <span class='ocr_line' id='line_1_18' title="bbox 112 1990 1154 2088; baseline -0.001 -26"><span class='ocrx_word' id='word_1_144' title='bbox 112 2019 222 2077; x_wconf 87' lang='grc' dir='ltr'><strong><em>ναιτο,</em></strong></span> <span class='ocrx_word' id='word_1_145' title='bbox 237 1990 446 2088; x_wconf 25' lang='grc' dir='ltr'><strong><em>ῦποσπᾷικαλ</em></strong></span> <span class='ocrx_word' id='word_1_146' title='bbox 460 1990 677 2074; x_wconf 88' lang='grc' dir='ltr'><strong><em>ῦποσκελίζει.</em></strong></span> <span class='ocrx_word' id='word_1_147' title='bbox 703 1995 786 2062; x_wconf 70' lang='grc' dir='ltr'><strong><em>ἔνθα</em></strong></span> <span class='ocrx_word' id='word_1_148' title='bbox 801 1993 818 2063; x_wconf 82' lang='grc' dir='ltr'><em>ὃ</em></span> <span class='ocrx_word' id='word_1_149' title='bbox 833 1998 892 2080; x_wconf 80' lang='grc' dir='ltr'><strong><em>μέν</em></strong></span> <span class='ocrx_word' id='word_1_150' title='bbox 904 1993 1045 2084; x_wconf 87' lang='grc' dir='ltr'><strong><em>χρηστὸς</em></strong></span> <span class='ocrx_word' id='word_1_151' title='bbox 1058 1992 1154 2078; x_wconf 88' lang='grc' dir='ltr'><strong><em>ἀτεχ-</em></strong></span> 
     </span>
     <span class='ocr_line' id='line_1_19' title="bbox 71 2094 1154 2186; baseline -0.002 -20"><span class='ocrx_word' id='word_1_152' title='bbox 71 2126 76 2133; x_wconf 89' lang='grc'><em>·</em></span> <span class='ocrx_word' id='word_1_153' title='bbox 114 2103 182 2179; x_wconf 81' lang='grc' dir='ltr'><strong><em>νῶς</em></strong></span> <span class='ocrx_word' id='word_1_154' title='bbox 200 2095 305 2176; x_wconf 76' lang='grc' dir='ltr'><strong><em>εῦθῦς</em></strong></span> <span class='ocrx_word' id='word_1_155' title='bbox 323 2094 567 2186; x_wconf 78' lang='grc' dir='ltr'><strong><em>ἀνατέτραπται</em></strong></span> <span class='ocrx_word' id='word_1_156' title='bbox 585 2100 641 2163; x_wconf 84' lang='grc' dir='ltr'><strong><em>καὶ</em></strong></span> <span class='ocrx_word' id='word_1_157' title='bbox 658 2103 909 2186; x_wconf 87' lang='grc' dir='ltr'><strong><em>παρασέσυρται</em></strong></span> <span class='ocrx_word' id='word_1_158' title='bbox 921 2102 978 2164; x_wconf 89' lang='grc' dir='ltr'><strong><em>καὶ</em></strong></span> <span class='ocrx_word' id='word_1_159' title='bbox 990 2096 1028 2164; x_wconf 89' lang='grc' dir='ltr'><strong><em>τὸ</em></strong></span> <span class='ocrx_word' id='word_1_160' title='bbox 1042 2101 1154 2164; x_wconf 84' lang='grc' dir='ltr'><strong><em>τελευ-</em></strong></span> 
     </span>
     <span class='ocr_line' id='line_1_20' title="bbox 116 2196 1153 2285; baseline -0.004 -17"><span class='ocrx_word' id='word_1_161' title='bbox 116 2213 214 2268; x_wconf 85' lang='grc' dir='ltr'><strong><em>ταῖον</em></strong></span> <span class='ocrx_word' id='word_1_162' title='bbox 231 2196 357 2285; x_wconf 88' lang='grc' dir='ltr'><strong><em>ἀτίμως</em></strong></span> <span class='ocrx_word' id='word_1_163' title='bbox 375 2200 546 2282; x_wconf 80' lang='grc' dir='ltr'><strong><em>ἐξέωσται,</em></strong></span> <span class='ocrx_word' id='word_1_164' title='bbox 571 2197 590 2267; x_wconf 85' lang='grc' dir='ltr'><strong><em>ό</em></strong></span> <span class='ocrx_word' id='word_1_165' title='bbox 610 2201 646 2267; x_wconf 81' lang='grc' dir='ltr'><strong><em>δέ</em></strong></span> <span class='ocrx_word' id='word_1_166' title='bbox 663 2202 977 2285; x_wconf 82' lang='grc' dir='ltr'><strong><em>κολακευτικώτερος</em></strong></span> <span class='ocrx_word' id='word_1_167' title='bbox 994 2202 1050 2265; x_wconf 90' lang='grc' dir='ltr'><strong><em>καὶ</em></strong></span> <span class='ocrx_word' id='word_1_168' title='bbox 1067 2196 1153 2284; x_wconf 89' lang='grc' dir='ltr'><strong><em>πρὸς</em></strong></span> 
     </span>
     <span class='ocr_line' id='line_1_21' title="bbox 10 2299 1153 2391; baseline -0.002 -22"><span class='ocrx_word' id='word_1_169' title='bbox 10 2302 11 2307; x_wconf 61' lang='grc'>’</span> <span class='ocrx_word' id='word_1_170' title='bbox 119 2301 183 2381; x_wconf 84' lang='grc' dir='ltr'><strong><em>τὰς</em></strong></span> <span class='ocrx_word' id='word_1_171' title='bbox 208 2304 362 2382; x_wconf 86' lang='grc' dir='ltr'><strong><em>τοιαύτας</em></strong></span> <span class='ocrx_word' id='word_1_172' title='bbox 387 2308 589 2390; x_wconf 75' lang='grc' dir='ltr'><strong><em>κακοηθείας</em></strong></span> <span class='ocrx_word' id='word_1_173' title='bbox 619 2303 854 2391; x_wconf 76' lang='grc' dir='ltr'><strong><em>πιθανώτερος</em></strong></span> <span class='ocrx_word' id='word_1_174' title='bbox 885 2299 1065 2385; x_wconf 79' lang='grc' dir='ltr'><strong><em>εὐδοκιμεῖ,</em></strong></span> <span class='ocrx_word' id='word_1_175' title='bbox 1096 2304 1153 2391; x_wconf 84' lang='grc' dir='ltr'><strong><em>καὶ</em></strong></span> 
     </span>
     <span class='ocr_line' id='line_1_22' title="bbox 65 2394 1154 2494; baseline -0.002 -21"><span class='ocrx_word' id='word_1_176' title='bbox 65 2394 68 2399; x_wconf 37' lang='grc'><strong><em>’</em></strong></span> <span class='ocrx_word' id='word_1_177' title='bbox 117 2399 206 2484; x_wconf 77' lang='grc' dir='ltr'><strong><em>ἀλως</em></strong></span> <span class='ocrx_word' id='word_1_178' title='bbox 224 2402 242 2473; x_wconf 85' lang='grc' dir='ltr'><strong><em>ό</em></strong></span> <span class='ocrx_word' id='word_1_179' title='bbox 262 2407 404 2494; x_wconf 83' lang='grc' dir='ltr'><strong><em>φθάσας</em></strong></span> <span class='ocrx_word' id='word_1_180' title='bbox 420 2418 546 2494; x_wconf 82' lang='grc' dir='ltr'><strong><em>κρατεῖ·</em></strong></span> <span class='ocrx_word' id='word_1_181' title='bbox 564 2402 602 2472; x_wconf 89' lang='grc' dir='ltr'><strong><em>τὸ</em></strong></span> <span class='ocrx_word' id='word_1_182' title='bbox 617 2403 680 2493; x_wconf 88' lang='grc' dir='ltr'><strong><em>γάρ</em></strong></span> <span class='ocrx_word' id='word_1_183' title='bbox 697 2412 757 2473; x_wconf 91' lang='grc' dir='ltr'><strong><em>τοῦ</em></strong></span> <span class='ocrx_word' id='word_1_184' title='bbox 772 2402 906 2494; x_wconf 75' lang='grc' dir='ltr'><strong><em>Ὀμήρου</em></strong></span> <span class='ocrx_word' id='word_1_185' title='bbox 921 2405 1008 2472; x_wconf 91' lang='grc' dir='ltr'><strong><em>πάνυ</em></strong></span> <span class='ocrx_word' id='word_1_186' title='bbox 1029 2403 1154 2493; x_wconf 82' lang='grc' dir='ltr'><strong><em>έπαλη-</em></strong></span> 
     </span>
     <span class='ocr_line' id='line_1_23' title="bbox 47 2504 435 2591; baseline 0.013 -20"><span class='ocrx_word' id='word_1_187' title='bbox 47 2560 50 2571; x_wconf 94' lang='grc'>.</span> <span class='ocrx_word' id='word_1_188' title='bbox 115 2507 289 2591; x_wconf 86' lang='grc' dir='ltr'><strong><em>θεῦουσιν,</em></strong></span> <span class='ocrx_word' id='word_1_189' title='bbox 309 2504 364 2575; x_wconf 84' lang='grc' dir='ltr'><strong><em>ότι</em></strong></span> <span class='ocrx_word' id='word_1_190' title='bbox 379 2534 435 2576; x_wconf 93' lang='grc' dir='ltr'><strong><em>τοι</em></strong></span> 
     </span>
     <span class='ocr_line' id='line_1_24' title="bbox 248 2609 1021 2693; baseline 0 -14"><span class='ocrx_word' id='word_1_191' title='bbox 248 2610 343 2692; x_wconf 83' lang='grc' dir='ltr'><strong><em>ξυνὸς</em></strong></span> <span class='ocrx_word' id='word_1_192' title='bbox 356 2609 523 2693; x_wconf 81' lang='grc' dir='ltr'><strong><em>Ἐνυάλιος</em></strong></span> <span class='ocrx_word' id='word_1_193' title='bbox 540 2609 670 2680; x_wconf 75' lang='grc' dir='ltr'><strong><em>καὶτὸν</em></strong></span> <span class='ocrx_word' id='word_1_194' title='bbox 688 2617 857 2681; x_wconf 88' lang='grc' dir='ltr'><strong><em>κτενέοντα</em></strong></span> <span class='ocrx_word' id='word_1_195' title='bbox 873 2617 1021 2679; x_wconf 78' lang='grc' dir='ltr'><strong><em>κατέκτα.</em></strong></span> 
     </span>
    </p>

    <p class='ocr_par' dir='ltr' id='par_1_8' title="bbox 10 2712 1154 3125">
     <span class='ocr_line' id='line_1_25' title="bbox 113 2712 1152 2804; baseline 0 -25"><span class='ocrx_word' id='word_1_196' title='bbox 113 2720 292 2801; x_wconf 85' lang='grc' dir='ltr'><strong><em>τοιγαροῦν</em></strong></span> <span class='ocrx_word' id='word_1_197' title='bbox 310 2712 356 2793; x_wconf 86' lang='grc' dir='ltr'><strong><em>ῶς</em></strong></span> <span class='ocrx_word' id='word_1_198' title='bbox 375 2712 412 2782; x_wconf 86' lang='grc' dir='ltr'><strong><em>οῦ</em></strong></span> <span class='ocrx_word' id='word_1_199' title='bbox 431 2719 509 2804; x_wconf 82' lang='grc' dir='ltr'><strong><em>περὶ</em></strong></span> <span class='ocrx_word' id='word_1_200' title='bbox 526 2722 651 2803; x_wconf 89' lang='grc' dir='ltr'><strong><em>μικρῶν</em></strong></span> <span class='ocrx_word' id='word_1_201' title='bbox 668 2722 727 2782; x_wconf 89' lang='grc' dir='ltr'><strong><em>τοῦ</em></strong></span> <span class='ocrx_word' id='word_1_202' title='bbox 747 2713 873 2802; x_wconf 89' lang='grc' dir='ltr'><strong><em>ἀγῶνος</em></strong></span> <span class='ocrx_word' id='word_1_203' title='bbox 888 2712 982 2793; x_wconf 80' lang='grc' dir='ltr'><strong><em>ὄντος</em></strong></span> <span class='ocrx_word' id='word_1_204' title='bbox 997 2717 1152 2793; x_wconf 91' lang='grc' dir='ltr'><strong><em>ποικίλας</em></strong></span> 
     </span>
     <span class='ocr_line' id='line_1_26' title="bbox 10 2809 1154 2905; baseline 0.002 -24"><span class='ocrx_word' id='word_1_205' title='bbox 10 2902 11 2905; x_wconf 8' lang='lat'>¹</span> <span class='ocrx_word' id='word_1_206' title='bbox 114 2813 184 2882; x_wconf 75' lang='grc' dir='ltr'><strong><em>κατ’</em></strong></span> <span class='ocrx_word' id='word_1_207' title='bbox 197 2814 347 2903; x_wconf 86' lang='grc' dir='ltr'><strong><em>ἀλλήλων</em></strong></span> <span class='ocrx_word' id='word_1_208' title='bbox 367 2814 464 2896; x_wconf 80' lang='grc' dir='ltr'><strong><em>ὁδοὺς</em></strong></span> <span class='ocrx_word' id='word_1_209' title='bbox 482 2816 680 2900; x_wconf 79' lang='grc' dir='ltr'><strong><em>ἐπινοοῦσιν,</em></strong></span> <span class='ocrx_word' id='word_1_210' title='bbox 705 2809 750 2885; x_wconf 85' lang='grc' dir='ltr'><strong><em>ῶν</em></strong></span> <span class='ocrx_word' id='word_1_211' title='bbox 771 2823 907 2903; x_wconf 88' lang='grc' dir='ltr'><strong><em>ταχίστη</em></strong></span> <span class='ocrx_word' id='word_1_212' title='bbox 930 2820 987 2883; x_wconf 89' lang='grc' dir='ltr'><strong><em>καὶ</em></strong></span> <span class='ocrx_word' id='word_1_213' title='bbox 1005 2817 1154 2905; x_wconf 77' lang='grc' dir='ltr'><strong><em>ἐπισφα-</em></strong></span> 
     </span>
     <span class='ocr_line' id='line_1_27' title="bbox 10 2916 1152 3008; baseline 0 -23"><span class='ocrx_word' id='word_1_214' title='bbox 10 2960 11 2975; x_wconf 61' lang='lat'>2</span> <span class='ocrx_word' id='word_1_215' title='bbox 110 2917 257 3008; x_wconf 84' lang='grc' dir='ltr'><strong><em>λεστάτη</em></strong></span> <span class='ocrx_word' id='word_1_216' title='bbox 277 2918 365 2987; x_wconf 77' lang='grc' dir='ltr'><strong><em>ἐστίν</em></strong></span> <span class='ocrx_word' id='word_1_217' title='bbox 382 2916 475 3007; x_wconf 74' lang='grc' dir='ltr'><strong><em>η’τῆς</em></strong></span> <span class='ocrx_word' id='word_1_218' title='bbox 490 2921 655 3008; x_wconf 75' lang='grc' dir='ltr'><strong><em>διαβολῆς,</em></strong></span> <span class='ocrx_word' id='word_1_219' title='bbox 675 2919 733 3007; x_wconf 84' lang='grc' dir='ltr'><strong><em>τὴν</em></strong></span> <span class='ocrx_word' id='word_1_220' title='bbox 746 2922 806 3004; x_wconf 82' lang='grc' dir='ltr'><strong><em>μὲν</em></strong></span> <span class='ocrx_word' id='word_1_221' title='bbox 820 2917 919 3008; x_wconf 81' lang='grc' dir='ltr'><strong><em>ἀρχὴν</em></strong></span> <span class='ocrx_word' id='word_1_222' title='bbox 934 2917 1002 2987; x_wconf 86' lang='grc' dir='ltr'><strong><em>ἀπὸ</em></strong></span> <span class='ocrx_word' id='word_1_223' title='bbox 1018 2919 1152 3008; x_wconf 87' lang='grc' dir='ltr'><strong><em>φθόνου</em></strong></span> 
     </span>
     <span class='ocr_line' id='line_1_28' title="bbox 10 3016 1154 3125; baseline 0.001 -37"><span class='ocrx_word' id='word_1_224' title='bbox 10 3082 13 3125; x_wconf 70' lang='lat'><strong><em>,²</em></strong></span> <span class='ocrx_word' id='word_1_225' title='bbox 114 3016 136 3108; x_wconf 84' lang='grc' dir='ltr'><em>ἢ</em></span> <span class='ocrx_word' id='word_1_226' title='bbox 153 3027 276 3105; x_wconf 89' lang='grc' dir='ltr'><strong><em>μίσους</em></strong></span> <span class='ocrx_word' id='word_1_227' title='bbox 294 3019 467 3102; x_wconf 77' lang='grc' dir='ltr'><strong><em>εὐέλπιδος</em></strong></span> <span class='ocrx_word' id='word_1_228' title='bbox 484 3024 712 3108; x_wconf 87' lang='grc' dir='ltr'><strong><em>λαμβάνουσα,</em></strong></span> <span class='ocrx_word' id='word_1_229' title='bbox 738 3022 928 3111; x_wconf 77' lang='grc' dir='ltr'><strong><em>οἰκτρότερα</em></strong></span> <span class='ocrx_word' id='word_1_230' title='bbox 947 3024 983 3090; x_wconf 78' lang='grc' dir='ltr'><strong><em>δὲ</em></strong></span> <span class='ocrx_word' id='word_1_231' title='bbox 1001 3026 1055 3089; x_wconf 82' lang='grc' dir='ltr'><strong><em>καὶ</em></strong></span> <span class='ocrx_word' id='word_1_232' title='bbox 1073 3049 1154 3112; x_wconf 84' lang='grc' dir='ltr'><strong><em>τρα-</em></strong></span> 
     </span>
    </p>
   </div>
   <div class='ocr_carea' id='block_1_6' title="bbox 10 3121 1271 3213">
    <p class='ocr_par' dir='ltr' id='par_1_9' title="bbox 10 3121 1271 3213">
     <span class='ocr_line' id='line_1_29' title="bbox 10 3121 1271 3213; baseline 0.001 -23"><span class='ocrx_word' id='word_1_233' title='bbox 10 3130 12 3135; x_wconf 76' lang='grc'><strong>’</strong></span> <span class='ocrx_word' id='word_1_234' title='bbox 78 3122 191 3210; x_wconf 76' lang='grc' dir='ltr'><strong><em>’,γικὰ</em></strong></span> <span class='ocrx_word' id='word_1_235' title='bbox 210 3123 382 3210; x_wconf 73' lang='grc' dir='ltr'><strong><em>ἀπάγουσα</em></strong></span> <span class='ocrx_word' id='word_1_236' title='bbox 400 3125 442 3192; x_wconf 85' lang='grc' dir='ltr'><strong><em>τὰ</em></strong></span> <span class='ocrx_word' id='word_1_237' title='bbox 458 3129 534 3213; x_wconf 82' lang='grc' dir='ltr'><strong><em>τέλη</em></strong></span> <span class='ocrx_word' id='word_1_238' title='bbox 552 3129 609 3191; x_wconf 90' lang='grc' dir='ltr'><strong><em>καὶ</em></strong></span> <span class='ocrx_word' id='word_1_239' title='bbox 631 3128 764 3194; x_wconf 82' lang='grc' dir='ltr'><strong><em>πολλῶν</em></strong></span> <span class='ocrx_word' id='word_1_240' title='bbox 788 3131 967 3212; x_wconf 89' lang='grc' dir='ltr'><strong><em>συμφορῶν</em></strong></span> <span class='ocrx_word' id='word_1_241' title='bbox 991 3121 1152 3193; x_wconf 86' lang='grc' dir='ltr'><strong><em>ἀνάπλεα.</em></strong></span> <span class='ocrx_word' id='word_1_242' title='bbox 1268 3186 1271 3191; x_wconf 76' lang='grc'><strong><em>,</em></strong></span> 
     </span>
    </p>
   </div>
   <div class='ocr_carea' id='block_1_7' title="bbox 109 3223 1204 3628">
    <p class='ocr_par' dir='ltr' id='par_1_10' title="bbox 109 3223 1204 3628">
     <span class='ocr_line' id='line_1_30' title="bbox 124 3223 1204 3317; baseline 0.003 -23"><span class='ocrx_word' id='word_1_243' title='bbox 124 3229 127 3235; x_wconf 82' lang='grc'><strong>’</strong></span> <span class='ocrx_word' id='word_1_244' title='bbox 169 3223 213 3294; x_wconf 86' lang='grc' dir='ltr'><strong><em>Οῦ</em></strong></span> <span class='ocrx_word' id='word_1_245' title='bbox 232 3232 345 3311; x_wconf 83' lang='grc' dir='ltr'><strong><em>μέντοι</em></strong></span> <span class='ocrx_word' id='word_1_246' title='bbox 361 3226 478 3317; x_wconf 86' lang='grc' dir='ltr'><strong><em>μικρὸν</em></strong></span> <span class='ocrx_word' id='word_1_247' title='bbox 501 3225 724 3296; x_wconf 80' lang='grc' dir='ltr'><strong><em>οῦδὲ·ἀπλοῦν</em></strong></span> <span class='ocrx_word' id='word_1_248' title='bbox 743 3227 813 3295; x_wconf 80' lang='grc' dir='ltr'><strong><em>έστι</em></strong></span> <span class='ocrx_word' id='word_1_249' title='bbox 830 3234 943 3307; x_wconf 90' lang='grc' dir='ltr'><strong><em>τοῦτο,</em></strong></span> <span class='ocrx_word' id='word_1_250' title='bbox 970 3223 1015 3304; x_wconf 87' lang='grc' dir='ltr'><strong><em>ῶς</em></strong></span> <span class='ocrx_word' id='word_1_251' title='bbox 1039 3223 1079 3294; x_wconf 86' lang='grc' dir='ltr'><strong><em>άν</em></strong></span> <span class='ocrx_word' id='word_1_252' title='bbox 1100 3252 1153 3306; x_wconf 90' lang='grc' dir='ltr'><strong><em>τις</em></strong></span> <span class='ocrx_word' id='word_1_253' title='bbox 1172 3251 1204 3297; x_wconf 86' lang='lat'><strong><em>11</em></strong></span> 
     </span>
     <span class='ocr_line' id='line_1_31' title="bbox 109 3324 1154 3420; baseline 0.001 -25"><span class='ocrx_word' id='word_1_254' title='bbox 109 3327 298 3413; x_wconf 74' lang='grc' dir='ltr'><strong><em>ἀπολάβοι,</em></strong></span> <span class='ocrx_word' id='word_1_255' title='bbox 324 3327 407 3397; x_wconf 84' lang='grc' dir='ltr'><strong><em>ἀλλὰ</em></strong></span> <span class='ocrx_word' id='word_1_256' title='bbox 425 3335 550 3419; x_wconf 80' lang='grc' dir='ltr'><strong><em>πολλῆς</em></strong></span> <span class='ocrx_word' id='word_1_257' title='bbox 568 3333 627 3417; x_wconf 74' lang='grc' dir='ltr'><strong><em>μέν</em></strong></span> <span class='ocrx_word' id='word_1_258' title='bbox 643 3336 769 3420; x_wconf 72' lang='grc' dir='ltr'><strong><em>τέχνης,</em></strong></span> <span class='ocrx_word' id='word_1_259' title='bbox 794 3327 853 3397; x_wconf 91' lang='grc' dir='ltr'><strong><em>οῦκ</em></strong></span> <span class='ocrx_word' id='word_1_260' title='bbox 871 3326 982 3416; x_wconf 85' lang='grc' dir='ltr'><strong><em>ὀλίγης</em></strong></span> <span class='ocrx_word' id='word_1_261' title='bbox 1005 3328 1041 3396; x_wconf 78' lang='grc' dir='ltr'><strong><em>δὲ</em></strong></span> <span class='ocrx_word' id='word_1_262' title='bbox 1060 3324 1154 3415; x_wconf 88' lang='grc' dir='ltr'><strong><em>ἀγχι-</em></strong></span> 
     </span>
     <span class='ocr_line' id='line_1_32' title="bbox 114 3427 1151 3523; baseline 0.001 -24"><span class='ocrx_word' id='word_1_263' title='bbox 114 3437 222 3513; x_wconf 87' lang='grc' dir='ltr'><strong><em>νοίας,</em></strong></span> <span class='ocrx_word' id='word_1_264' title='bbox 243 3427 399 3522; x_wconf 84' lang='grc' dir='ltr'><strong><em>ἀκριβοῦς</em></strong></span> <span class='ocrx_word' id='word_1_265' title='bbox 418 3436 455 3501; x_wconf 91' lang='grc' dir='ltr'><strong><em>δέ</em></strong></span> <span class='ocrx_word' id='word_1_266' title='bbox 471 3461 560 3514; x_wconf 88' lang='grc' dir='ltr'><strong><em>τινος</em></strong></span> <span class='ocrx_word' id='word_1_267' title='bbox 578 3434 768 3521; x_wconf 75' lang='grc' dir='ltr'><strong><em>ἐπιμελείας</em></strong></span> <span class='ocrx_word' id='word_1_268' title='bbox 787 3434 954 3520; x_wconf 87' lang='grc' dir='ltr'><strong><em>δεόμενον·</em></strong></span> <span class='ocrx_word' id='word_1_269' title='bbox 975 3430 1011 3500; x_wconf 88' lang='grc' dir='ltr'><strong><em>οῦ</em></strong></span> <span class='ocrx_word' id='word_1_270' title='bbox 1029 3432 1091 3523; x_wconf 86' lang='grc' dir='ltr'><strong><em>γὰρ</em></strong></span> <span class='ocrx_word' id='word_1_271' title='bbox 1111 3430 1151 3500; x_wconf 84' lang='grc' dir='ltr'><strong><em>ἀν</em></strong></span> 
     </span>
     <span class='ocr_line' id='line_1_33' title="bbox 112 3535 1153 3628; baseline 0.003 -28"><span class='ocrx_word' id='word_1_272' title='bbox 112 3541 265 3602; x_wconf 85' lang='grc' dir='ltr'><strong><em>τοσαῦτα</em></strong></span> <span class='ocrx_word' id='word_1_273' title='bbox 282 3535 443 3620; x_wconf 67' lang='grc' dir='ltr'><strong><em>ἔβλαπτεν</em></strong></span> <span class='ocrx_word' id='word_1_274' title='bbox 460 3535 480 3626; x_wconf 81' lang='grc' dir='ltr'>ἡ</span> <span class='ocrx_word' id='word_1_275' title='bbox 500 3537 647 3626; x_wconf 78' lang='grc' dir='ltr'><strong><em>διαβολὴ,</em></strong></span> <span class='ocrx_word' id='word_1_276' title='bbox 668 3538 698 3606; x_wconf 82' lang='grc' dir='ltr'><strong><em>εἰ</em></strong></span> <span class='ocrx_word' id='word_1_277' title='bbox 714 3537 760 3628; x_wconf 82' lang='grc' dir='ltr'><strong><em>μὴ</em></strong></span> <span class='ocrx_word' id='word_1_278' title='bbox 774 3538 923 3607; x_wconf 89' lang='grc' dir='ltr'><strong><em>πιθανόν</em></strong></span> <span class='ocrx_word' id='word_1_279' title='bbox 940 3565 1014 3605; x_wconf 92' lang='grc' dir='ltr'><strong><em>τινα</em></strong></span> <span class='ocrx_word' id='word_1_280' title='bbox 1026 3538 1153 3626; x_wconf 88' lang='grc' dir='ltr'><strong><em>τρόπον</em></strong></span> 
     </span>
    </p>
   </div>
   <div class='ocr_carea' id='block_1_8' title="bbox 10 3634 1153 3728">
    <p class='ocr_par' dir='ltr' id='par_1_11' title="bbox 10 3634 1153 3728">
     <span class='ocr_line' id='line_1_34' title="bbox 10 3634 1153 3728; baseline 0.026 -30"><span class='ocrx_word' id='word_1_281' title='bbox 10 3656 12 3681; x_wconf 75' lang='lat'><em>¹</em></span> <span class='ocrx_word' id='word_1_282' title='bbox 47 3678 49 3681; x_wconf 94' lang='lat'>-</span> <span class='ocrx_word' id='word_1_283' title='bbox 114 3634 274 3723; x_wconf 73' lang='grc' dir='ltr'><strong><em>ἐγίγνετο,</em></strong></span> <span class='ocrx_word' id='word_1_284' title='bbox 287 3635 371 3721; x_wconf 70' lang='grc' dir='ltr'><strong><em>ὀὐδ’</em></strong></span> <span class='ocrx_word' id='word_1_285' title='bbox 388 3636 429 3707; x_wconf 83' lang='grc' dir='ltr'><strong><em>ἀν</em></strong></span> <span class='ocrx_word' id='word_1_286' title='bbox 445 3638 598 3724; x_wconf 90' lang='grc' dir='ltr'><strong><em>κατίσχυε</em></strong></span> <span class='ocrx_word' id='word_1_287' title='bbox 615 3639 672 3728; x_wconf 84' lang='grc' dir='ltr'><strong><em>τὴν</em></strong></span> <span class='ocrx_word' id='word_1_288' title='bbox 690 3643 824 3710; x_wconf 91' lang='grc' dir='ltr'><strong><em>πάντων</em></strong></span> <span class='ocrx_word' id='word_1_289' title='bbox 843 3641 1053 3727; x_wconf 66' lang='grc' dir='ltr'><strong><em>ίσχῡθθῖέραέ</em></strong></span> <span class='ocrx_word' id='word_1_290' title='bbox 1072 3638 1153 3727; x_wconf 64' lang='grc' dir='ltr'><strong><em>ἀλλ’·</em></strong></span> 
     </span>
    </p>
   </div>
   <div class='ocr_carea' id='block_1_9' title="bbox 113 3739 1224 4035">
    <p class='ocr_par' dir='ltr' id='par_1_12' title="bbox 113 3739 1224 4035">
     <span class='ocr_line' id='line_1_35' title="bbox 113 3739 1153 3832; baseline 0.001 -27"><span class='ocrx_word' id='word_1_291' title='bbox 113 3744 226 3822; x_wconf 87' lang='grc' dir='ltr'><strong><em>θειαν,</em></strong></span> <span class='ocrx_word' id='word_1_292' title='bbox 251 3739 282 3807; x_wconf 83' lang='grc' dir='ltr'><strong><em>εἰ</em></strong></span> <span class='ocrx_word' id='word_1_293' title='bbox 303 3740 348 3828; x_wconf 86' lang='grc' dir='ltr'><strong><em>μὴ</em></strong></span> <span class='ocrx_word' id='word_1_294' title='bbox 372 3741 458 3809; x_wconf 80' lang='grc' dir='ltr'><strong><em>πολὺ</em></strong></span> <span class='ocrx_word' id='word_1_295' title='bbox 481 3741 520 3811; x_wconf 88' lang='grc' dir='ltr'><strong><em>τὸ</em></strong></span> <span class='ocrx_word' id='word_1_296' title='bbox 539 3743 712 3832; x_wconf 73' lang='grc' dir='ltr'><strong><em>ἐπαγωγὸν</em></strong></span> <span class='ocrx_word' id='word_1_297' title='bbox 733 3748 790 3812; x_wconf 84' lang='grc' dir='ltr'><strong><em>καὶ</em></strong></span> <span class='ocrx_word' id='word_1_298' title='bbox 807 3742 955 3812; x_wconf 87' lang='grc' dir='ltr'><strong><em>πιθανὸν</em></strong></span> <span class='ocrx_word' id='word_1_299' title='bbox 977 3745 1033 3808; x_wconf 87' lang='grc' dir='ltr'><strong><em>καὶ</em></strong></span> <span class='ocrx_word' id='word_1_300' title='bbox 1049 3747 1153 3829; x_wconf 92' lang='grc' dir='ltr'><strong><em>μυρία</em></strong></span> 
     </span>
     <span class='ocr_line' id='line_1_36' title="bbox 114 3838 1224 3932; baseline 0.007 -24"><span class='ocrx_word' id='word_1_301' title='bbox 114 3838 202 3908; x_wconf 80' lang='grc' dir='ltr'><strong><em>ἀλλα</em></strong></span> <span class='ocrx_word' id='word_1_302' title='bbox 224 3845 475 3930; x_wconf 80' lang='grc' dir='ltr'><strong><em>παρεσκεύαστο</em></strong></span> <span class='ocrx_word' id='word_1_303' title='bbox 497 3846 581 3914; x_wconf 83' lang='grc' dir='ltr'><strong><em>κατὰ</em></strong></span> <span class='ocrx_word' id='word_1_304' title='bbox 602 3854 668 3915; x_wconf 91' lang='grc' dir='ltr'><strong><em>τῶν</em></strong></span> <span class='ocrx_word' id='word_1_305' title='bbox 696 3844 889 3915; x_wconf 89' lang='grc' dir='ltr'><strong><em>ἀκουόντων.</em></strong></span> <span class='ocrx_word' id='word_1_306' title='bbox 936 3846 1152 3932; x_wconf 85' lang='grc' dir='ltr'><strong><em>διαβάλλεται</em></strong></span> <span class='ocrx_word' id='word_1_307' title='bbox 1172 3867 1224 3916; x_wconf 81' lang='lat'><strong><em>12·</em></strong></span> 
     </span>
     <span class='ocr_line' id='line_1_37' title="bbox 115 3936 1151 4035; baseline 0.002 -22"><span class='ocrx_word' id='word_1_308' title='bbox 115 3945 175 4028; x_wconf 77' lang='grc' dir='ltr'><strong><em>μέν</em></strong></span> <span class='ocrx_word' id='word_1_309' title='bbox 194 3936 253 4014; x_wconf 83' lang='grc' dir='ltr'><strong><em>οῦν</em></strong></span> <span class='ocrx_word' id='word_1_310' title='bbox 272 3943 318 4026; x_wconf 87' lang='grc' dir='ltr'><strong><em>ῶς</em></strong></span> <span class='ocrx_word' id='word_1_311' title='bbox 334 3946 373 4016; x_wconf 83' lang='grc' dir='ltr'><strong><em>τὸ</em></strong></span> <span class='ocrx_word' id='word_1_312' title='bbox 391 3948 478 4017; x_wconf 81' lang='grc' dir='ltr'><strong><em>πολὺ</em></strong></span> <span class='ocrx_word' id='word_1_313' title='bbox 496 3951 643 4035; x_wconf 90' lang='grc' dir='ltr'><strong><em>μάλιστα</em></strong></span> <span class='ocrx_word' id='word_1_314' title='bbox 661 3947 679 4017; x_wconf 81' lang='grc' dir='ltr'>ὁ</span> <span class='ocrx_word' id='word_1_315' title='bbox 698 3950 882 4034; x_wconf 83' lang='grc' dir='ltr'><strong><em>τιμώμενος</em></strong></span> <span class='ocrx_word' id='word_1_316' title='bbox 903 3951 960 4014; x_wconf 90' lang='grc' dir='ltr'><strong><em>καὶ</em></strong></span> <span class='ocrx_word' id='word_1_317' title='bbox 979 3946 1035 4016; x_wconf 80' lang='grc' dir='ltr'><strong><em>διὰ</em></strong></span> <span class='ocrx_word' id='word_1_318' title='bbox 1052 3954 1151 4015; x_wconf 89' lang='grc' dir='ltr'><strong><em>τοῦτο</em></strong></span> 
     </span>
    </p>
   </div>
   <div class='ocr_carea' id='block_1_10' title="bbox 114 4044 1151 4233">
    <p class='ocr_par' dir='ltr' id='par_1_13' title="bbox 114 4044 1151 4233">
     <span class='ocr_line' id='line_1_38' title="bbox 114 4044 1151 4143; baseline 0.011 -30"><span class='ocrx_word' id='word_1_319' title='bbox 114 4059 188 4125; x_wconf 88' lang='grc' dir='ltr'><strong><em>τοῖς</em></strong></span> <span class='ocrx_word' id='word_1_320' title='bbox 201 4044 481 4136; x_wconf 74' lang='grc' dir='ltr'><strong><em>ὑπολειπομένοις</em></strong></span> <span class='ocrx_word' id='word_1_321' title='bbox 495 4051 596 4121; x_wconf 88' lang='grc' dir='ltr'><strong><em>αῦτοῦ</em></strong></span> <span class='ocrx_word' id='word_1_322' title='bbox 611 4052 813 4143; x_wconf 77' lang='grc' dir='ltr'><strong><em>ἐπίφθονος·</em></strong></span> <span class='ocrx_word' id='word_1_323' title='bbox 833 4048 977 4133; x_wconf 86' lang='grc' dir='ltr'><strong><em>άπαντες</em></strong></span> <span class='ocrx_word' id='word_1_324' title='bbox 993 4050 1055 4141; x_wconf 84' lang='grc' dir='ltr'><strong><em>γάρ</em></strong></span> <span class='ocrx_word' id='word_1_325' title='bbox 1069 4046 1151 4138; x_wconf 67' lang='grc' dir='ltr'><strong><em>τῶδ’</em></strong></span> 
     </span>
     <span class='ocr_line' id='line_1_39' title="bbox 174 4150 1060 4233; baseline 0.028 -41"><span class='ocrx_word' id='word_1_326' title='bbox 174 4150 268 4196; x_wconf 67' lang='lat' dir='ltr'><strong><em>Luciam</em></strong></span> <span class='ocrx_word' id='word_1_327' title='bbox 281 4154 322 4197; x_wconf 82' lang='grc' dir='ltr'><strong><em>υοί.</em></strong></span> <span class='ocrx_word' id='word_1_328' title='bbox 333 4152 370 4198; x_wconf 82' lang='lat' dir='ltr'><strong><em>m.</em></strong></span> <span class='ocrx_word' id='word_1_329' title='bbox 962 4155 980 4209; x_wconf 81' lang='lat'>5</span> <span class='ocrx_word' id='word_1_330' title='bbox 1049 4208 1060 4233; x_wconf 50' lang='grc' dir='ltr'><strong><em>ρ</em></strong></span> 
     </span>
    </p>
   </div>
   <div class='ocr_carea' id='block_1_11' title="bbox 0 0 1378 4572">
    <p class='ocr_par' dir='ltr' id='par_1_14' title="bbox 0 0 1378 4572">
     <span class='ocr_line' id='line_1_40' title="bbox 0 0 1378 4572; baseline 0 0"><span class='ocrx_word' id='word_1_331' title='bbox 0 0 1378 4572; x_wconf 95' lang='lat' dir='ltr'><strong><em> </em></strong></span> 
     </span>
    </p>
   </div>
  </div>
 </body>
</html>
