2748 4572
257 226 300 295 10
547 206 550 221 ’
583 236 587 247 “
643 238 900 295 Λονσικαοτ

204 366 238 427 22
256 348 312 413 καί
329 342 374 413 τάι
392 350 541 412 τοιαῦτα.
584 343 603 411 ἀ
627 344 662 411 δὲ
683 349 837 430 μέγιστον
848 334 913 410 ’καὶ
935 342 1021 433 πρὸς
1042 343 1081 413 τὸ
1105 342 1290 432 εὐδοκιμεῖν

257 444 514 534 ἀναγκαιότατον
533 444 644 535 ἀλίγου
664 448 732 514 δεῖν
748 448 995 532 παραλέλοιπα,
1015 444 1171 518 ἀπάντων
1189 475 1292 519 κατα-

254 554 339 639 γέλα
351 557 418 620 τῶν
435 551 609 638 λεγόντων·
627 552 682 616 καὶ
699 546 721 637 ἢ
755 554 815 635 μέν
831 575 883 629 τις
895 552 1003 629 καλῶς
1021 551 1109 639 ε’ίπη,
1130 548 1290 640 ἀλλότρια

177 730 194 761 s
254 657 312 725 καὶ
329 650 388 737 οὐχ
406 652 524 722 ἑαυτοῦ
543 653 698 720 δεικνύειν
717 576 867 735 δοκείτω,
890 647 929 740 ἢν
947 653 984 719 δὲ
1000 659 1143 741 μετρίως
1160 653 1287 746 ἐνεχθῇ,

237 756 367 824 ,πάντα
396 755 480 824 ἐοτω
508 755 708 844 ἐπιλήψιμα.
752 758 809 821 καί
836 753 868 822 ἐν
894 744 969 835 ταῖς
996 751 1175 844 ἀκροάσεσι
1203 755 1288 841 μετὰ

256 860 386 938 πάντας
412 857 548 927 εἰσιέναι
572 857 647 949 χρὴ,
676 857 838 945 ἐπίσημον
859 860 937 944 γάρ·
965 861 1020 925 καλ
1046 860 1289 946 σιωπησάντων

254 959 414 1030 ἀπάντων
441 964 530 1044 ξένον
555 959 629 1029 τινὰ
657 960 791 1030 ἐπαινον
818 960 984 1045 ἐπειπεῖν,
1012 958 1072 1040 τὰς
1095 956 1197 1040 ἀκοὰς
1222 969 1289 1032 τιύν

255 1065 431 1153 παρόντων
458 1062 702 1152 ἐπιστρέψοντα
732 1067 788 1131 καί
819 1063 1049 1157 ἐνοχλήσοντα,
1078 1060 1126 1143 τίς
1154 1071 1289 1134 ναυτιᾶν

256 1162 408 1246 ἀπαντας
426 1168 483 1236 ἐπὶ
500 1173 547 1254 τῷ
566 1174 713 1255 φορτικῷ
732 1173 798 1234 τιῦν
821 1163 990 1250 ὀνομάτων
1009 1169 1073 1233 καί
1087 1164 1289 1256 ἐπιφράττε-

257 1275 345 1336 σθαι
362 1267 404 1336 τὰ
422 1260 503 1337 ὦτα.
538 1273 594 1336 καί
612 1268 784 1359 ἐπισείσῃς
806 1269 844 1336 δέ
858 1267 904 1355 μὴ
923 1270 1082 1348 πολλάκις
1103 1268 1161 1357 τὴν
1180 1282 1286 1357 χεῖρα,

257 1369 386 1452 εύτελλς
401 1369 473 1459 γάρ,
492 1360 572 1459 μηδ’
591 1368 746 1460 ἀναστῇς,
763 1370 849 1458 πλὴν
866 1366 959 1453 ἀπαξ
973 1397 1010 1458 γε
1027 1368 1048 1460 ἢ
1067 1373 1118 1450 δὶς
1134 1370 1172 1439 τὸ
1191 1376 1288 1439 πλεῖ-

214 1504 216 1511 ’
255 1495 351 1543 στον·
376 1472 559 1559 ὑπομειδία
578 1472 673 1543 δὲτὰ
691 1470 877 1568 πολλόιικαὶ
896 1475 994 1561 δῆλος
1014 1479 1123 1561 γίγνου
1145 1474 1191 1563 μὴ
1211 1471 1289 1562 ἀρε-

234 1574 415 1662 σκόμενος
435 1568 507 1656 τοῖς
534 1580 730 1663 λεγομένοις.
776 1572 983 1666 ἀμφιλαφεῖς
1011 1577 1047 1643 δέ
1073 1576 1108 1642 αί
1135 1573 1288 1665 ἀφορμαί

255 1686 323 1746 τοῖν
345 1685 506 1766 μέμψεων
527 1692 599 1757 τοῖς
621 1691 873 1765 συκοφαντικοῖς
899 1677 942 1745 τὰ
969 1669 1048 1745 ὦτα.
1088 1677 1131 1745 τά
1154 1677 1186 1745 δ’
1202 1676 1288 1748 ἀλλα

253 1780 315 1868 χρὴ
338 1788 492 1871 θαρρεῖν·
519 1778 539 1868 ἡ
561 1781 668 1866 τόλμα
690 1779 752 1868 γὰρ
773 1783 829 1848 καὶ
851 1779 1061 1865 ἀναισχυντία
1083 1784 1138 1847 καὶ
1160 1783 1287 1869 ψεῦδος

255 1885 433 1973 πρόχειρον
449 1887 505 1951 καί
523 1879 622 1972 ἀρκος.
637 1879 688 1951 ἐπ’
700 1882 812 1973 ἀκροις
830 1881 887 1973 ἀεί
898 1897 969 1964 τοῖς
984 1887 1108 1967 χείλεσι
1125 1889 1180 1951 καὶ
1194 1885 1288 1974 φθό-

254 2011 312 2064 νος
329 1984 415 2075 πρὸς
433 1981 584 2065 ἀπαντας
600 1990 655 2054 καὶ
670 2001 770 2071 μῖσος
787 1991 841 2054 καί
853 1990 1050 2075 βλασφημία
1063 1990 1118 2054 καὶ
1131 1988 1288 2073 διαβολαί
1357 2006 1358 2039 ³

188 2158 194 2171 s
257 2095 414 2158 πιθαναί.
450 2089 555 2157 ταῦτά
574 2113 615 2157 σε
630 2086 783 2175 ἀοίδιμον
802 2089 835 2158 ἐν
856 2096 973 2178 βραχεῖ
988 2092 1042 2156 καί
1065 2094 1287 2179 περίβλεπτον

256 2189 436 2279 ἀποφανοῖ.
471 2199 610 2261 τοιαῦτα
627 2194 685 2279 μὲν
702 2191 745 2261 τά
764 2192 891 2283 φάνερά
907 2195 962 2259 καὶ
980 2190 1021 2260 τά
1040 2191 1113 2273 ἐξω.

203 2312 237 2362 τι
304 2289 384 2382 Ἰδίηι
398 2295 434 2365 δὲ
447 2295 557 2364 πάντα
569 2294 748 2383 πράγματα
761 2310 871 2364 ποιεῖν
885 2321 940 2364 σοι
957 2297 1119 2377 δεδόχθω,
1139 2295 1287 2380 κυβεύειν

255 2395 492 2480 μεθύσκεσθαι
517 2400 682 2487 λαγνεύειν
702 2399 880 2484 μοιχεύειν,
907 2395 929 2484 ἢ
951 2394 1060 2478 αὐχεῖν
1080 2420 1130 2480 γε,
1159 2393 1217 2460 κάν
1239 2395 1287 2487 μὴ

256 2504 370 2588 ποιῇς,
393 2501 558 2592 καὶπρὸς
576 2499 727 2581 ἅπαντας
746 2502 850 2586 λέγειν
872 2501 928 2564 καὶ
948 2496 1141 2586 γραμμάτια
1159 2494 1289 2565 ἐπιδει-

254 2601 361 2669 κνύειν
383 2599 451 2673 ἀπὸ
473 2611 632 2693 γυναικιῦν
658 2606 760 2690 δῆθεν
784 2605 965 2689 γραφέντα·
991 2596 1090 2676 καλὸς
1115 2597 1176 2687 γὰρ
1200 2596 1287 2669 εἶναι

254 2708 337 2772 θέλε
357 2713 415 2774 καί
436 2731 492 2775 σοι
511 2711 638 2792 μελέτω
662 2703 729 2772 ἀπὸ
754 2710 821 2771 τῶν
845 2708 1005 2792 γυναικῶν
1031 2702 1287 2783 σπουδάζεσθαι

253 2809 379 2875 δοκεῖν·
407 2807 440 2888 ἐς
465 2807 521 2896 τὴν
547 2804 716 2897 ῥητορικὴν
742 2802 804 2894 γάρ
829 2809 1009 2872 καὶτοῦτο
1036 2799 1224 2873 ἀνοίσουσιν
1251 2804 1315 2873 οί,

254 2913 389 2992 πολλοί,
419 2905 466 2989 ιύς
487 2908 544 2976 διὰ
564 2909 662 2976 τοῦτό
686 2933 746 2976 σου
768 2910 825 2975 καί
847 2903 922 2997 ἀχρι
942 2913 1000 2997 τῆς
1020 2909 1287 2994 γυναικωνίτιδος

254 3009 521 3095 εύδοκιμοῦντος·
539 3013 595 3078 καλ
612 3009 650 3078 τὸ
665 3012 757 3079 δεῖνα
770 3012 817 3092 δέ,
835 3009 881 3099 μὴ
896 3010 1067 3099 αἰδεσθῇς,
1087 3009 1118 3077 εί
1130 3012 1185 3076 καλ
1198 2996 1286 3097 πρὸς
1354 3054 1355 3059 1

253 3111 382 3202 ἀνδρῶν
401 3112 459 3180 ἐπὶ
475 3119 523 3200 τῷ
542 3111 682 3200 ἑταιρεῖν
700 3112 845 3202 ἐρᾶσθαι
867 3114 1012 3199 δοκοίης,
1035 3115 1091 3178 καί
1111 3118 1215 3179 ταῦτα
1231 3136 1287 3199 γι-

253 3216 382 3303 νειήτης
404 3211 426 3303 ἢ
447 3218 502 3282 καλ
524 3214 561 3302 νὴ
584 3222 650 3285 Δία
672 3215 844 3306 φαλακρὸς
867 3212 929 3303 ἤδη
957 3210 1012 3282 ιύν.
1050 3211 1118 3281 ἀλλ’
1139 3215 1288 3283 ἐστωσαν

253 3318 288 3391 σί
314 3321 369 3384 καί
391 3316 448 3385 ἐπί
469 3318 576 3406 τούτῳ
599 3321 763 3399 συνάπας·
790 3315 829 3407 ἢν
856 3319 893 3385 δέ
913 3314 958 3405 μὴ
982 3308 1076 3402 ιύσιν,
1106 3317 1139 3384 ολ
1162 3317 1287 3385 οίκέτοιι

255 3419 371 3486 ίκανοί.
407 3419 517 3487 πολλὰ
538 3418 606 3507 γὰρ,
624 3426 680 3487 καὶ
703 3420 737 3488 ἐκ
753 3427 814 3489 τοῦ
835 3422 989 3489 τοιούτου
1007 3417 1093 3508 πρὸς
1114 3417 1171 3508 τὴν
1190 3422 1287 3509 ῥητο·

124 3563 136 3585 .
253 3519 346 3609 ρικὴν
361 3521 510 3610 χρήσιμοι
529 3529 781 3612 παραγίγνεται·
808 3528 932 3592 πλείων
953 3519 973 3611 ἦ
997 3518 1210 3605 ἀναισχυντία
1230 3524 1287 3589 καί

253 3623 395 3714 θράσος.
433 3620 513 3717 δρᾷς
531 3622 577 3704 ὥς
594 3628 785 3716 λαλίστεραι
802 3627 838 3693 αἱ
854 3638 1003 3714 γυναῖκες
1023 3626 1079 3690 καὶ
1096 3626 1287 3713 λοιδοροῦν-

226 3752 310 3794 ιτοιι
335 3734 500 3816 περιτταῖς
525 3730 581 3796 καλ
606 3725 690 3815 ύπέρ
716 3728 795 3810 τούς
820 3726 956 3818 ἀνδρας·
990 3725 1020 3794 εί
1050 3725 1090 3815 δὴ
1115 3725 1158 3794 τὰ
1185 3721 1287 3812 ἀμοια
1352 3796 1353 3825 η

253 3829 412 3913 πάσχοις,
440 3831 579 3912 διοίσεις
599 3838 665 3899 τῶν
688 3828 804 3913 ἀλλων.
839 3835 895 3898 κοιλ
916 3829 983 3919 μὴν
1000 3835 1057 3898 καί
1078 3836 1288 3899 πιττοῦσθαι
1352 3828 1353 3839 ’

195 3992 201 4004 ,
251 3930 313 4020 χρὴ
335 3934 480 4017 μάλιστα
501 3935 561 4020 μὲν
586 3933 629 4003 τά
655 3936 779 4016 πάντα,
808 3934 897 4011 τίδὲ
918 3931 980 4021 μὴ,
1006 3935 1141 4012 πάντας
1169 3931 1287 4007 ἐκεῖνα.

251 4036 309 4103 καλ
326 4032 407 4104 αάτδ
427 4038 463 4104 δέ
481 4061 535 4105 σοι
553 4035 590 4105 τὸ
610 4037 717 4121 στόμα
734 4035 820 4124 πρὸς
833 4032 968 4105 ἅπαντα
979 4033 1104 4122 ὁμοίως
1116 4041 1285 4125 κεχηνέτω,
