2782 4574
324 220 389 276 Lx.
414 206 784 278 σενυοιστικτετ
805 223 924 279 εε-ει.
1098 212 1144 280 83

105 319 268 397 καλάλλα
281 331 392 415 μυρία,
413 315 460 394 ὧν
476 322 553 393 σύδέ
568 332 761 414 μεμνῆσθαι
777 322 879 411 ἀξιον,
899 323 921 417 ἢ
937 328 1040 413 μόνον
1061 329 1142 400 έκιί-

104 454 178 513 νσυ,
203 425 289 515 ὅπερ
308 428 341 496 ολ
359 424 559 509 ἀκούσαντες
580 426 859 516 ἀπεμνημόνευον.
893 431 1058 513 πλούσιός
1078 458 1140 515 τις,

105 529 216 618 οἶμαι,
240 534 297 598 καὶ
319 531 380 599 δύο
402 522 645 620 πένητεςήσαν
667 531 799 620 ἐχθροί·
826 530 898 602 εἶτα
918 533 1046 617 μεταξύ
1062 538 1161 623 περὶ

104 642 163 705 τοῦ
175 636 340 703 πλουσίου
354 636 464 721 λέγων,
476 630 719 716 “dumetum''
735 625 882 726 ἔφησθα,
893 634 1062 763 αθάτερον
1074 645 1142 707 τῶν

104 733 275 825 πενήτωνῖ
277 734 528 827 ’γελασάντων
550 734 651 820 δδ,“
625 764 671 818 ως
687 736 727 805 τὸ
745 738 846 821 εἰκὸς,
870 746 936 808 ταῖν
953 741 1139 831 παρόντοιν,

106 838 397 927 ἐπανορθούμενος
421 838 460 927 δή
488 838 528 908 σύ
549 843 605 908 καί
631 839 869 926 ἀνατιθέμενος
893 841 932 911 τό
961 845 1142 934 διημαρτη-

105 934 246 1028 μένον,ἰ
248 937 301 1009 ὀύ
324 932 445 1026 μὲν
405 968 476 1024 συν,
487 939 673 1067 ’ἐφηρθα
693 940 827 1011 “ἀλλ’”
804 969 920 1034 ατερον
942 943 1051 1014 αύτιῦν
1073 942 1142 1013 ἀπ-

105 1040 274 1112 ίκτεινευ.υ
304 1042 398 1111 διό
362 1065 408 1112 τα
419 1041 549 1172 ἀρχαῖα,
567 1045 609 1115 τὸ
621 1053 721 1136 τριῶν
733 1060 848 1133 μηνοῖν
861 1047 963 1115 καί
929 1074 968 1116 τα
984 1045 1142 1137 ἀνηνεμία

105 1173 161 1215 και
149 1144 387 1231 τίν-πέταμαι
403 1173 461 1215 και
476 1145 516 1216 τὸ
536 1148 676 1232 ἐκχύνειν
697 1154 754 1217 καὶ
776 1146 840 1218 ὅσα
862 1146 947 1218 ἀλλα
964 1148 1048 1218 καλά
1069 1163 1142 1230 τοῖς

105 1262 179 1330 σοῖς
201 1249 315 1337 λόγοις
337 1248 490 1318 ἐπανθεῖ.
531 1250 554 1317 ἀ
575 1251 717 1340 μὲνγὰρ
740 1249 886 1340 ὑπὸτῆς
906 1260 1023 1341 πενίας
1046 1252 1141 1321 ἐλαυ-
1159 1275 1194 1324 ει)

105 1353 242 1439 νόμενος
260 1365 380 1433 ποιεῖς,
391 1351 588 1444 δἰίδράστεια
606 1358 697 1443 φίλη,
718 1352 776 1421 οάκ
793 1353 833 1422 ἀν
846 1382 912 1423 τινι
930 1354 1140 1440 ὀνειδίσαιμι.

105 1453 299 1543 συγγνωστὰ
316 1462 393 1542 γοῦν
411 1458 509 1536 εἴτις
526 1459 613 1544 λιμῷ
631 1456 835 1541 πιεζόμενος,
855 1459 1142 1546 παρακαταθήκας

105 1555 183 1648 παρ’
200 1554 319 1645 ἀνδρὸς
341 1561 480 1626 πολίτου
504 1557 614 1644 λαβὼν
637 1554 708 1625 εἶτα
735 1558 938 1650 ἐπιώρκησεν
964 1550 984 1649 ἦ
1006 1559 1070 1649 μήν
1095 1557 1141 1648 μή
1179 1558 1183 1565 ’

23 1750 24 1753 ¹
105 1664 361 1751 παρειληφέναι,
389 1658 411 1749 ἢ
438 1662 546 1741 εἴτις
572 1659 794 1745 ἀναισχύντως
821 1662 921 1746 αίτεῖ,
953 1665 1078 1748 μᾶλλον
1104 1662 1142 1729 δέ

23 1826 24 1831 ,
105 1777 286 1853 προσαιτεῖ
301 1765 357 1831 καὶ
374 1765 564 1834 λωποδυτεῖ
575 1767 631 1831 καὶ
642 1766 785 1832 τελωνεῖ.
814 1762 851 1832 ού
869 1764 907 1854 δή
923 1770 1006 1854 λέγω
1019 1771 1140 1835 ταῦτα’.

105 1867 239 1956 φθόνος
255 1865 318 1954 γὰρ
338 1862 447 1946 οὐδεὶς
468 1865 505 1948 ἐξ
526 1862 673 1946 ἅπαντας
695 1865 884 1952 ἀμύνεσθαι
904 1867 963 1956 τὴν
986 1867 1141 1959 ἀπορίαν.

23 2002 24 2039 3
107 1967 211 2037 έκεῖνο
230 1970 267 2036 δέ
286 1965 394 2050 οὐκέτι
412 1967 566 2058 φορητὸν,
591 1970 719 2057 πένητά
741 1995 778 2038 σε
801 1967 880 2039 όντα
902 1971 936 2050 ἐς
957 1971 1061 2055 μόνας
1081 1969 1143 2050 τὰς

23 2062 25 2099 ²
101 2072 264 2151 ’τοιαύτας
282 2069 402 2158 ἡδονὰς
420 2071 522 2155 ἐκχεῖν
540 2069 581 2138 τά
597 2071 631 2139 ἐκ
643 2079 701 2159 τῆς
714 2070 945 2156 ἀναισχυντίας
956 2074 1142 2162 περιγιγνό-

106 2200 197 2259 μενα.
241 2171 327 2262 πλὴν
355 2173 387 2242 ἐν
413 2180 450 2262 γέ
475 2201 509 2241 τι
536 2177 592 2242 καὶ
614 2174 788 2242 ἐπαινέσαι
808 2200 868 2259 μοι
891 2175 1024 2257 διόσεις,
1052 2175 1140 2241 πάνυ

108 2273 248 2355 ἀστείως
261 2273 329 2345 όπὸ
344 2283 405 2345 σοῦ
419 2282 660 2365 πεπραγμένον,
680 2276 784 2345 ὁπότε
796 2283 857 2346 τοῦ
873 2282 986 2375 Τισίου
999 2275 1058 2366 τὴν
1070 2281 1143 2359 τέχ-

24 2406 25 2479 {
107 2406 161 2468 νην
180 2375 295 2460 οἶσθα,
318 2375 364 2460 ὥς
380 2377 418 2446 τὸ
439 2380 633 2469 δισκόρακος
651 2379 744 2468 ἔργον
758 2375 858 2460 αάτδς
873 2381 1033 2468 ἐποίησας
1048 2379 1142 2469 ἐξαρ-

24 2510 25 2569 3
107 2483 220 2561 πάσας
232 2488 292 2549 τοῦ
307 2477 447 2570 ἀνοήτου
463 2483 585 2551 ἐκείνου
600 2484 788 2571 πρεσβύτου
800 2490 943 2574 χρυσοῦς
955 2483 1144 2568 τριάκοντα,

24 2592 25 2605 ’
108 2581 177 2651 δδὲ
190 2582 317 2653 διάτον
330 2590 443 2653 Τισίαν
457 2581 530 2652 ἀντὶ
542 2610 599 2652 του
586 2588 706 2671 βιβλί
707 2612 745 2653 ου
759 2587 959 2675 πεντήκοντα
972 2588 1027 2652 καλ
1041 2583 1143 2653 ἐπτα-

107 2693 223 2767 κασίας
241 2685 365 2769 ἐξέτισε
383 2695 659 2812 κατασοφισθείς.

25 2876 26 2881 ¹
157 2788 272 2859 Πολ-λὰ
291 2788 375 2858 ἐπ”
357 2817 438 2874 εχων
435 2790 616 2861 εἰπεῖν
580 2817 623 2860 τα
639 2793 699 2876 μὲν
722 2789 842 2859 ἀλλα’
826 2789 907 2859 εκών
926 2788 1051 2914 ἀφίημί
1073 2812 1137 2871 σοι,
1160 2812 1191 2859 31

25 2918 26 2975 g
107 2892 212 2962 ἐκεῖνο
230 2894 267 2961 δὲ
284 2894 385 2979 μόνον
407 2898 596 2983 προσλέγω,
618 2901 747 2985 πρᾶττε
763 2895 823 2979 μὲν
844 2900 950 2962 ταῦτα
968 2889 1068 2974 ὅπως
1086 2917 1154 2961 σοι.

25 2984 26 3003 ³
105 3000 206 3085 φίλον
222 2995 334 3063 καλ
294 3023 339 3085 μη
358 2998 508 3065 παύσαιο
525 2994 568 3064 τά
585 3022 724 3065 τοιαυτυι
744 2996 777 3077 ἐς
801 2995 939 3066 σεαυτόν
961 3022 1140 3088 παροινων,

106 3098 210 3168 ἐκεῖνο
238 3100 428 3189 δέμηκέτι,
457 3098 580 3186 ἀπαγε·
608 3097 646 3167 ού
673 3099 736 3188 γὰρ
756 3095 853 3167 ἀσιον
881 3099 939 3168 ἐπὶ
959 3097 1018 3187 τὴν
1042 3096 1141 3185 αὐτὴν
1177 3157 1182 3171 ,

106 3196 221 3272 ἑστίαν
228 3199 306 3283 τοὺς
317 3209 422 3273 ταῦτα
436 3204 646 3282 διατιθέντας
658 3205 767 3271 καλεῖν
781 3205 836 3269 καί
850 3205 1046 3290 φιλοτησίας
1059 3224 1143 3288 προ-

105 3311 215 3374 πίνειν
232 3308 289 3373 καί
307 3301 403 3393 όψων
420 3312 486 3375 τῶν
504 3303 613 3374 αὐτῶν
631 3301 821 3374 ἀπτεσθαι.’
842 3302 927 3372 ἀλλὰ
939 3304 1024 3392 μηδὲ
1038 3302 1141 3370 έκεῖνο

106 3408 192 3478 έστω
211 3407 251 3477 τὸ
270 3407 328 3478 ἐπὶ
345 3422 416 3489 τοῖς
433 3410 556 3497 λόγοις,
575 3409 756 3499 φιλήματα,
775 3412 831 3476 καὶ
848 3413 954 3476 ταῦτα
966 3403 1054 3497 πρός
1065 3403 1144 3486 τοὺς

106 3509 144 3580 ού
169 3511 238 3602 πρὸ
261 3516 388 3592 πολλοῦ
411 3510 674 3602 ἀποφράδασοι
691 3505 939 3600 ’ἐργασαμένους
960 3510 999 3579 τὸ
1023 3510 1142 3595 στόμα.

104 3612 315 3707 κάπειδήπερ
330 3612 423 3698 ἀπαξ
435 3619 567 3706 φιλικῆς
579 3622 807 3706 παραινέσεως
823 3613 980 3705 ἠρξάμην,
1000 3611 1141 3693 κάκεῖνα,

107 3718 138 3786 εί
152 3719 253 3802 δοκεῖ,
274 3715 385 3809 ἀφελε,
404 3718 444 3788 τὸ
457 3720 552 3808 μύρῳ
564 3725 724 3809 χρίεσθαι
735 3717 797 3799 τὰς
809 3717 931 3797 πολιὰς
944 3718 1001 3783 καλ
1013 3714 1051 3782 τὸ
1064 3738 1143 3781 πιτ-

107 3827 255 3903 τοῦσθαι
272 3822 360 3909 μόνα
377 3820 494 3891 ἐκεῖνα.
521 3823 551 3890 εἰ
564 3821 697 3911 μὲνγὰρ
715 3822 814 3900 νόσος
825 3847 877 3900 τις
895 3819 1028 3905 ἐπείγει,
1049 3811 1142 3884 ἀπαν

106 3924 146 3992 τὸ
166 3930 265 4010 σῶμα
278 3930 515 4015 θεραπευτέον,
536 3925 565 3992 εί
579 3926 616 3992 δέ
628 3926 730 4012 μηδὲν
742 3937 850 4004 νοσεῖς
862 3928 1022 4002 τοιοῦτον,
1041 3924 1076 3987 τί
1088 3942 1143 3987 σοι

107 4028 264 4112 βούλεται
280 4027 320 4097 τὸ
338 4028 474 4117 καθαρὰ
491 4032 547 4097 καλ
564 4022 646 4097 λεῖα’
653 4031 710 4096 καὶ
727 4024 894 4115 ὀλισθηρὰ
907 4025 1107 4114 ἐργάζεσθαι
1123 4022 1145 4088 ἀ

298 4174 300 4179 ,
923 4129 971 4193 ,δ’
1016 4148 1017 4151 ’
1263 4120 1264 4131 ¹
