2792 4580
139 208 151 262 7
222 212 321 299 224¹
373 238 379 243 ·
484 278 489 283 ,
610 224 869 281 Δοεεωεεοε

224 329 266 399 τὰ
285 332 318 410 ές
332 327 415 417 Ῥέην
434 329 618 410 ἐδιδάξατο.
649 332 705 396 καὶ
722 327 764 397 τὰ
785 329 906 414 Φρύγες
923 329 978 411 καὶ
995 327 1103 396 Λυδοὶ
1119 328 1175 393 καλ
1187 334 1258 394 Σοι-

223 433 407 521 μοθρήικες
424 432 639 517 ἐπιτελέουσι,
655 427 771 501 Ἄττεω
789 432 882 518 πάρα
897 430 1039 515 ἐ’μαθον·
1059 422 1104 508 ὥς
1121 428 1184 515 γάρ
1197 456 1259 514 μιν

224 533 244 623 ή
260 532 326 623 Ῥέη
344 535 451 620 έτεμε,
470 541 545 619 βίον
563 535 621 618 μέν
640 531 793 620 ἀνδρηίου
814 531 1048 613 ἀπεπαύσατο,
1068 531 1200 620 μορφήν
1219 533 1259 600 δὲ

224 637 350 725 θήλεαν
372 634 539 725 ἠμείψατο
560 640 617 703 καὶ
640 636 768 724 έσθήτα
789 641 975 724 γυναικηίην
998 626 1172 703 ἐνεδύσατο
1199 637 1260 703 καί

225 740 259 820 ἰς
276 747 389 809 πᾶσαν
411 747 469 827 γῆν
492 745 635 828 φοιτέων
658 735 753 827 ὄργιά
776 765 812 805 τε
836 738 984 806 ἐπετέλεε
1005 742 1062 805 καὶ
1082 738 1124 809 τὰ
1143 738 1258 806 έπαθε

79 870 81 891 ¹
186 910 192 915 .
223 840 387 930 ἀπηγέετο
409 844 464 909 καὶ
482 839 566 928 Ῥέην
587 838 687 929 ήειδε.
729 840 762 908 ἰν
783 854 873 908 τοῖσι
899 844 954 908 καὶ
977 840 1011 921 ές
1031 849 1151 929 Συρίην
1174 839 1267 910 ἀπί-·
1391 878 1392 927 η

178 947 193 969 ‘
223 970 308 1013 κετο.
345 941 391 1024 ιῦς
415 946 450 1011 δὲ
473 944 506 1010 ολ
528 949 631 1032 πέρην
649 941 831 1032 Εὐφρήτεω
855 941 1034 1029 ἀνθρωποι
1057 943 1133 1012 ούτε
1156 941 1260 1013 αύτὸν
1391 970 1392 1047 η

223 1044 299 1115 ούτε
323 1043 418 1136 ἀργια
441 1046 601 1128 ἐδέκοντο,
631 1048 665 1115 ἰν
684 1046 769 1133 τῷδε
790 1053 838 1134 τηῦ
859 1047 956 1134 χώρη)
978 1044 1017 1113 τὸ
1046 1046 1115 1135 ἱρὸν
1139 1047 1259 1136 έποιή-
1313 1050 1317 1054 ‘
1391 1058 1392 1117 λ

225 1173 318 1223 σατο.
356 1151 481 1238 σημήια
500 1150 549 1216 δέ·
572 1147 694 1237 ήθεὸς
710 1147 752 1216 τά
773 1148 882 1215 πολλὰ
905 1147 1036 1237 ἰςῬέην
1060 1148 1257 1218 ἐπικνέεται.

158 1278 162 1281 ·
223 1255 350 1333 λέοντες
376 1253 438 1340 γάρ
461 1279 517 1337 μιν
539 1259 681 1341 φέρουσι
702 1255 756 1318 καὶ
777 1252 947 1336 τύμπανον
968 1251 1036 1333 ἔχει
1057 1255 1112 1317 καὶ
1135 1252 1192 1319 ἰπὶ
1213 1250 1258 1342 τῇ
1391 1300 1392 1337 ,

203 1442 205 1450 Α
223 1359 349 1445 κεφαλῇ
367 1360 599 1444 πυργοφορέει,
621 1352 730 1441 ὁκοίην
744 1352 828 1442 Ῥέην
845 1356 952 1422 Λυδοί
970 1360 1132 1421 ποιέουσι.
1167 1354 1259 1440 έλεγε

225 1458 333 1524 δὲκαὶ
351 1458 486 1547 Γάλλων
505 1463 598 1545 πέρι,
623 1458 659 1524 οἱ
675 1457 740 1524 εἰσι
758 1455 791 1525 ἰν
808 1465 855 1544 τῷ
875 1458 945 1547 ἱρηῦ,
970 1453 1023 1524 δτι
1041 1458 1164 1523 Γάλλοι
1174 1451 1257 1545 Ἥρῃ

223 1560 283 1643 μὲν
301 1557 445 1643 ούδαμὰ,
462 1558 527 1647 Ῥέῃ
547 1561 583 1626 δὲ
600 1561 778 1644 τάμνονται
795 1563 850 1626 καὶ
865 1556 975 1627 Ἄττεα
992 1565 1176 1643 μιμέονται.
1212 1557 1259 1625 τὰ

225 1664 262 1727 δέ
278 1686 337 1746 μοι
356 1659 524 1748 εὐπρεπέα
541 1663 599 1744 μὲν
618 1663 723 1729 δοκέει
741 1661 887 1745 έμμεναι,
908 1660 1038 1749 ἀληθέα
1051 1663 1088 1729 δὲ
1106 1658 1160 1729 οῦ·
1180 1662 1259 1730 ἐπεὶ

223 1765 279 1829 καὶ
300 1769 358 1850 τής
379 1770 481 1849 τομῆς
504 1760 603 1850 ἀλλην
627 1763 733 1851 αἰτίην
755 1760 880 1853 ήκουσα
901 1763 1025 1839 πολλὸν
1046 1770 1257 1852 πιστοτέρην.

173 1887 206 1935 16
219 1863 357 1933 »ἁνδάνει
380 1866 416 1932 δέ
436 1891 495 1949 μοι
516 1863 558 1931 τὰ
581 1869 712 1952 λέγουσι
734 1873 793 1933 τοῦ
818 1867 890 1955 ἱροῦ
913 1873 992 1951 πέρι
1017 1880 1107 1934 τοῖσι
1122 1862 1259 1953 Ἕλλησι

157 2004 162 2011 ·
222 1965 265 2035 τὰ
287 1962 397 2035 πολλὰ
421 1964 664 2054 ὁμολογέοντες,
692 1968 751 2056 τήν
773 1971 832 2053 μὲν
853 1969 936 2037 θεὸν
951 1967 1049 2057 Ἥρην
1076 1971 1256 2050 δοκέοντες,

222 2069 262 2139 τὸ
286 2068 316 2138 δ’
334 2070 426 2160 ἔργον
447 2071 609 2138 Διονύσου
632 2078 692 2138 τοῦ
713 2076 857 2160 Σεμέλης
879 2078 1022 2158 ποίημα·
1049 2075 1104 2137 καὶ
1129 2069 1190 2159 γὰρ
1214 2070 1256 2160 δή

223 2175 384 2254 Διόνυσος
407 2175 440 2254 ἐς
461 2180 589 2262 Συρίην
605 2171 742 2241 ἀπίκετο
769 2183 874 2262 κείνην
902 2172 978 2241 ὁδὸν
1004 2174 1063 2263 τήν
1088 2165 1174 2260 ήλθε
1201 2169 1255 2240 ἐπ’

222 2277 420 2365 Αἰθιοπίην,
439 2281 495 2344 καὶ
514 2277 584 2344 ’ἐστι
601 2276 710 2345 πολλὰ
728 2277 761 2344 ἰν
778 2283 826 2364 τῷ
846 2278 905 2365 ἱρηῦ
924 2277 1086 2344 Διονύσου
1106 2280 1256 2364 ποιητέω

52 2442 55 2449 .
125 2370 127 2374 ,
224 2381 369 2506 σήματα,
395 2379 428 2447 ἰν
445 2392 534 2447 τοῖσι
551 2382 607 2446 καλ
625 2379 767 2467 έσθήτες
788 2382 955 2468 βάρβαροι
976 2383 1032 2445 καὶ
1050 2382 1145 2446 λίθοι
1160 2377 1258 2446 Ἰνδοὶ

223 2505 279 2547 και
267 2481 487 2568 ἐλεφάντων
503 2480 678 2569 κέρεα,τά
696 2483 859 2563 Διόνυσος
882 2483 918 2564 ἐξ
932 2481 1150 2550 Αἰθιόπων
1138 2477 1255 2568 ήνεικε.

222 2607 278 2648 και
267 2585 418 2669 φαλλοὶ
437 2585 473 2650 δὲ
491 2582 656 2651 ἑστέασι’
642 2611 674 2652 εν
695 2597 786 2652 τοῖσι
803 2589 1046 2669 προπυλαίοισι
1069 2585 1145 2651 δύο
1142 2584 1272 2683 κύρια

222 2685 369 2772 μεγάλοι,
385 2676 476 2753 ἐπ’
448 2711 494 2751 ων
504 2684 695 2773 επιγραμμα
706 2688 835 2755 τοιονδε
851 2678 1098 2775 ἐπιγέγραπται,
1110 2684 1258 2753 “τούσδε

222 2785 371 2875 φαλλοὺς
387 2787 548 2866 Διόνυσος
558 2784 638 2877 Ἠρη
656 2797 795 2879 μητρυιή
815 2787 991 2877 ἀνέθηκαῗ
1030 2789 1105 2873 ἰμοι
1094 2792 1180 2873 μέν
1197 2813 1257 2856 νυν

222 2892 278 2956 καλ
294 2890 374 2955 τάδε
397 2886 518 2975 ἀρκέει,
544 2890 623 2979 ἒρέω
649 2893 685 2958 δὲ
707 2898 762 2961 καὶ
784 2887 905 2958 ἄλλο’
885 2918 902 2959 ο
922 2919 956 2959 τι
978 2891 1048 2960 ἰστὶ
1071 2893 1104 2960 ἒν
1120 2896 1168 2979 τηῦ
1186 2896 1258 2978 νηῷ

222 2990 385 3061 Διονύσου
410 2988 530 3080 ἀργιον.
572 2992 721 3082 φαλλοὺς
734 2991 883 3083 Ἕλληνες
905 2995 1055 3081 Διονύσῳ
1080 2994 1255 3081 ἐγείρουσι,

224 3089 275 3160 ἐπ’
291 3083 336 3160 ὦν
354 3096 409 3160 καὶ
424 3096 554 3163 τοιόνδε
571 3123 605 3163 τι
623 3102 776 3184 φέρουσι,
801 3095 923 3183 ἀνδρας
943 3096 1080 3182 μικρούς
1099 3096 1133 3166 ἐκ
1155 3095 1255 3177 ξύλου

222 3202 477 3282 πεποιημένους,
496 3198 623 3284 μεγάλα
641 3200 755 3266 αἰδοῖα
773 3200 919 3282 έχοντας·
938 3203 1110 3269 καλέονται
1124 3197 1257 3264 δὲτάδε

222 3298 465 3387 νευρόσπαστα.
501 3299 573 3368 ἰστι
591 3302 627 3367 δέ
643 3303 700 3367 καὶ
716 3297 793 3369 τύδε
812 3302 844 3369 ἰν
861 3309 908 3389 τῷ
930 3301 1005 3390 ἱρηῦ·
1029 3299 1062 3369 ἰν
1086 3303 1176 3388 δεξιῇ
1193 3304 1256 3365 τοῦ

221 3407 301 3487 νηοῦ
324 3394 472 3488 κάθηται
495 3401 630 3489 σμικρὸς
652 3400 731 3492 ἀνὴρ
752 3404 886 3486 χάλκεος
909 3403 990 3486 έχων
1013 3403 1140 3471 αἰδοῖον
1157 3405 1255 3488 μέγα.

173 3522 205 3569 17
279 3504 405 3570 Τοσάδε
421 3505 480 3589 μέν
499 3501 587 3593 ἀμφὶ
608 3513 675 3574 τῶν
698 3507 865 3575 οἰκιστέων
887 3513 948 3574 τοῦ
973 3507 1044 3596 ἱροῦ
1066 3508 1255 3591 μυθολογέ-

224 3625 314 3674 ουσι’
340 3604 402 3694 ήδη
432 3607 467 3673 δὲ
490 3606 570 3695 ἐρέω
598 3613 653 3677 καὶ
678 3615 737 3677 τοῦ
764 3616 842 3696 νηοῦ
857 3616 943 3699 πέρι
969 3609 1089 3687 θέσιός
1110 3634 1146 3676 τε
1169 3603 1255 3686 ὅκως

224 3706 349 3793 ἐγένετο
372 3712 428 3776 καί
450 3705 544 3789 ὅστις
564 3738 621 3796 μιν
643 3712 835 3799 ἐποιήσατο.
872 3716 1005 3799 λέγουσι
1026 3710 1083 3780 τὸν
1101 3708 1179 3800 νηὸν
1194 3707 1253 3778 τὸν

222 3816 278 3877 νῦν
305 3808 461 3878 έύντα
421 3839 466 3901 μη
490 3813 628 3898 έμμεναι
651 3814 708 3883 τὸν
733 3814 792 3904 τήν
815 3814 913 3904 ἀρχήν
935 3820 1152 3905 γεγενημένον,
1182 3808 1251 3880 ἀλλ’

155 3927 161 3939 ’
224 3910 397 3979 ἐκεῖνον
360 3940 419 3996 μεν
436 3914 671 4007 κατενεχθῆναι
681 3919 787 4009 χρόνῳ
803 3915 948 4004 ὕστερον,
968 3918 1024 3993 τὸν
1038 3920 1123 3985 δέ
1086 3944 1142 3985 νυν
1156 3916 1252 3984 εόντα

222 4020 487 4104 Στρατονίκης”
469 4045 605 4104 εμμεναι
635 4027 777 4107 ποίημα,
808 4020 959 4109 γυναικὸς
989 4028 1048 4093 τοῦ
1074 4018 1252 4109 Ασσυρίων
