2748 4572
275 248 326 303 m.
351 246 554 303 ΡΗΤοΡαα
570 244 855 305 mammon
876 244 997 302 υυ-υι.
1113 218 1154 299 11

19 328 20 335 ¹
112 345 168 425 ιἰαλ
184 351 206 441 ἡ
225 356 357 440 ’γλῶττα
374 347 577 440 ὑπηρετείτω
596 353 652 418 καὶ
668 347 755 436 πρὸς
771 347 851 430 τοὺς
868 351 986 437 λόγους
998 353 1055 418 καί
1066 348 1155 439 πρὸς

113 457 156 528 τὰ
177 453 267 522 ἀλλα
288 451 403 523 δπόσω
428 451 468 520 ἂν
491 454 638 541 δύνηται.
676 453 815 520 δύναται
837 454 874 520 δὲ
896 450 935 520 ού
958 454 1154 535 σολοικίζειν

112 561 218 646 μόνον
233 561 292 625 καλ
307 557 518 646 βαρβαρίζειν
541 554 620 623 ούδέ
635 559 745 643 ληρεῖν
766 553 787 644 ἢ
810 554 978 646 ἐπιορκεῖν
998 553 1021 644 ἢ
1041 557 1156 624 λοιδο-

114 657 299 754 ρεῖσθαιῆ
322 661 511 745 διαβάλλειν
532 662 589 726 καλ
610 659 815 746 ψεύδεσθαι,
845 656 930 726 ἀλλὰ
951 661 1009 726 καὶ
1028 658 1154 747 νύκτωρ

114 793 149 834 τι
170 761 257 832 ἀλλα
277 759 468 849 ἀποτελεῖν,
488 764 544 829 καί
564 762 710 855 μάλιστα
730 759 769 849 ἢν
790 760 876 849 πρὸς
899 757 986 830 οὕτω
1009 759 1155 841 πολλούς

110 866 194 948 ’τούς
218 866 344 956 ἐρωτας
364 864 409 954 μὴ
434 866 616 955 διαρκέσῃς.
652 866 762 932 πάντα
785 862 867 951 αύτή
889 890 927 951 γε
953 865 1154 934 ἐπιστάσθω

118 974 171 1037 καὶ
189 973 397 1057 μονιμωτέρα
414 974 579 1054 γιγνέσθω
597 970 653 1033 καὶ
670 969 770 1055 μηδὲν
789 964 1071 1057 ἀποστρεφέσθω.

162 1069 221 1140 Ἧι
247 1076 367 1152 ταῦτα,
397 1061 423 1135 ὦ
449 1083 528 1152 παῖ,
557 1072 665 1150 καλῶς
690 1069 840 1158 ἐκμάθῃς
864 1108 911 1120 -·
936 1072 1077 1138 δύνασαι
1102 1071 1153 1137 δέ·
1172 1092 1208 1140 ιτ

48 1225 53 1233 -
118 1172 294 1262 οὐδὲνγὰρ
313 1173 349 1239 ἐν
369 1169 482 1251 αὐτοῖς
499 1173 584 1301 βαρύ
603 1211 646 1222 -
668 1179 806 1300 θαρρρλυ
830 1172 1072 1260 ἐπαγγέλλομαι
1095 1168 1155 1239 οάκ

118 1278 150 1358 ἐς
166 1277 299 1364 μακράν
321 1301 360 1343 σε
381 1271 515 1361 ἄριστον
534 1276 659 1364 ῥήτορα
678 1279 735 1342 καὶ
741 1273 851 1444 ἡμῖνὲ
856 1270 972 1360 όμοιον
996 1272 1156 1343 ἀποτελε-

118 1380 325 1468 σθήσεσθαι.
365 1376 404 1445 τὸ
426 1376 511 1463 μετὰ
532 1378 631 1444 τοῦτο
655 1379 691 1444 δὲ
714 1375 772 1444 οὐκ
793 1377 851 1462 ἐμὲ
875 1377 943 1464 χρή
963 1373 1110 1463 λέγειν’
1090 1400 1155 1444 οσα

119 1482 149 1551 ἐν
174 1487 296 1572 βραχεῖ
321 1485 489 1572 παρέσται
515 1505 570 1548 σοι
566 1470 732 1565 τάγαθὰ
758 1478 852 1569 παρὰ
882 1486 940 1567 τῆς
963 1476 1153 1567 Ῥητορικῆς.

117 1584 196 1675 δρᾷς
214 1582 320 1669 ἐμδ,“
305 1609 342 1705 ος
359 1580 540 1708 πατρδςμὲ
541 1610 557 1650 ν
572 1579 720 1710 ἀφανοῦς
733 1586 792 1650 καὶ
802 1580 879 1649 αύδδ
891 1587 1051 1670 καθαρῶς
1065 1580 1155 1648 ἐλευ-

116 1685 266 1777 θέρουέ
267 1685 418 1773 γενόμην,
436 1682 530 1773 ύπέρ
553 1686 632 1753 Ξόιν
658 1689 714 1752 καὶ
738 1692 859 1771 Θμοῦιν
890 1685 1151 1766 δεδουλευκότος,

115 1789 240 1880 μητρὸς
259 1790 296 1856 δὲ
313 1785 486 1876 ἀκεστρίας
509 1784 559 1854 ἐπ>
577 1785 745 1876 ἀμφοδίου
768 1788 866 1867 τινός.
913 1785 1013 1867 αὐτὸς
1037 1788 1072 1855 δέ
1095 1783 1154 1908 τήν
1222 1844 1227 1850 .

117 1889 208 1982 ὥραν
226 1887 266 1958 σύ
285 1890 501 1958 παντάπασιν
519 1887 678 1975 ἀδόκιμος
696 1887 780 1958 εἶναι
804 1890 952 1972 δόξας
920 1916 958 1958 το
972 1892 1041 1973 μὲν
1059 1895 1155 1979 πρῶ-
1227 1906 1241 1919 ‘

116 2023 171 2064 τον
192 1995 252 2062 ἐπι
240 1996 369 2080 ψιλρι
381 2020 429 2080 τῳ
414 1998 636 2119 τρέφεσθαι
658 2001 758 2081 συνῆν
777 2020 843 2061 τινι
865 1995 1004 2060 κακοδαί
991 1999 1082 2076 ίμονι
1097 1994 1155 2059 καλ

117 2102 262 2187 γλίσχρῳ
285 2095 418 2185 ἐραστῇ,
445 2095 517 2163 ἐπεὶ
542 2096 628 2161 δὲ
595 2123 652 2223 την
670 2094 748 2162 ὁδὸν
765 2097 885 2182 ταύτην
907 2097 1029 2184 ρᾴστην
1053 2086 1154 2161 οὖσαν

118 2202 272 2267 κατεῖδον
287 2224 343 2264 και
332 2197 585 2276 διεκπαίσας
571 2202 629 2265 επὶ
640 2204 689 2285 τῷ
703 2196 791 2286 ἀκρφ
807 2197 1015 2283 ἐγινόμην-
1028 2194 1154 2284 ὑπῆρχε

120 2302 185 2389 γάρ
207 2325 280 2385 μοι,
304 2291 328 2366 ἀ
352 2303 432 2389 φίλη
451 2297 658 2389 Αδρύστεια,
682 2301 793 2368 πάντα
816 2297 963 2366 ἐκεῖνα“
945 2325 966 2364 α
988 2310 1154 2387 προεῖπον

117 2403 255 2494 ἐφόδια,
272 2400 310 2470 τὸ
327 2404 468 2493 θρύσος,
487 2401 507 2491 ἡ
527 2399 670 2487 ἀμαθία,
691 2400 710 2492 ή
731 2400 942 2485 ἀναισχυντία
960 2440 1001 2450 -
1020 2407 1154 2488 πρῶτον
1229 2436 1233 2445 =

115 2509 174 2591 μέν
194 2503 304 2575 οὐκέτι
320 2504 486 2585 Ποθεινὸς
505 2503 722 2593 ὀνομάζομαι,
747 2502 815 2572 ἀλλ’
831 2501 892 2592 ήδη
911 2516 982 2579 τοῖς
1000 2501 1083 2583 Διὸς
1098 2506 1155 2570 καὶ

27 2602 29 2607 ’
116 2610 232 2698 Λήδας
250 2608 371 2691 παισὶν
388 2598 562 2693 ὁμώνυμος
579 2615 767 2696 γεγένημαι·
790 2607 905 2674 ἐπειτα
929 2608 965 2673 δὲ
983 2611 1062 2693 γραλΙ
1078 2632 1155 2673 συν-

118 2714 255 2800 οικήσας
276 2710 315 2777 τὸ
339 2713 552 2798 πρῶτονμὲν
575 2711 809 2798 ἐγαστριζόμην
827 2707 914 2795 πρὸς
937 2706 1051 2794 αάτής,
1077 2709 1154 2793 ἐρᾶν

116 2812 409 2903 προσποιούμενος
418 2812 569 2899 γυναικὸς
583 2813 926 2901 ἑβδομηκοντούτιδος,
938 2816 1096 2899 τέτταρας
1106 2812 1154 2879 ἐτι

61 2906 73 2922 ”
116 2914 258 2995 λοιποὺς
277 2913 415 2995 ὀδόντας
433 2915 581 3003 ἐχούσης,
604 2923 728 3006 χρυσίῳ
747 2919 803 2982 καὶ
824 2914 961 2994 τούτους
985 2913 1153 2998 ἐνδεδεμέ-

115 3045 201 3098 νους.
230 3017 317 3106 πλὴν
336 3016 419 3087 ἀλλά
437 3044 474 3106 γε
492 3018 549 3086 διὰ
566 3017 625 3107 τήν
638 3025 753 3086 πενίαν
766 3015 957 3107 ὑφιστάμην
971 3017 1027 3084 τὸν
1046 3008 1156 3085 ἆθλον

118 3126 171 3188 καί
192 3119 240 3188 τὰ
259 3120 372 3249 ψυχρὰ
395 3120 558 3188 ἐκεῖνα
522 3148 564 3189 τα
587 3120 621 3187 ἐκ
647 3128 705 3209 τῆς
732 3127 832 3210 σοροῦ
860 3117 1070 3209 φιλήματα“
1052 3147 1156 3207 οπερ-
1258 3182 1265 3194 f

116 3224 238 3312 ηδιστά
256 3248 316 3311 μοι
335 3224 444 3293 ἐποίει
461 3221 604 3307 όλιμός.
641 3220 712 3291 εἶτα
731 3220 842 3310 ὀλίγου
867 3225 935 3290 δεῖν
953 3223 1154 3308 κληρονόμος

118 3317 162 3394 ὧν
181 3324 266 3409 εἶχεν
286 3323 443 3395 ἁπάντων
458 3332 624 3456 κατέστην,
650 3327 680 3393 εἰ
695 3324 740 3414 μή
751 3325 945 3452 κατάρατός
960 3350 1010 3404 τις
1029 3320 1157 3413 οἰκέτης

119 3428 277 3517 ἐμήνυσεν
300 3427 345 3510 ὥς
368 3431 542 3520 φάρμακον
565 3429 634 3518 ε’ίην
658 3425 761 3497 ἐπΗ
722 3427 822 3517 αυτήν
845 3427 1034 3514 ἐωνημένος.
1065 3427 1156 3555 ἐξιο-
1174 3451 1209 3498 2ο

119 3536 217 3612 οθεδς
236 3532 307 3599 δὲ’
292 3558 350 3601 επι
339 3529 541 3621 κεφαλήν’
520 3558 611 3619 ομιτς
626 3529 752 3599 οάδδ’
714 3558 790 3600 τοτε
803 3529 958 3621 ήπόρησα
973 3529 1075 3601 τῶν·
1057 3532 1157 3619 αναγ-

118 3640 229 3720 καίων,
251 3632 337 3704 ἀλλὰ
352 3639 407 3702 καὶ
425 3638 533 3726 ῥήτωρ
553 3637 640 3703 δοκιῖι
657 3633 715 3702 κάί
733 3649 808 3716 ταῖς
826 3639 934 3715 δίκαις
950 3635 1154 3716 ἐξετάζομαι,

120 3735 304 3823 προδιδοὺς
331 3737 373 3804 τὰ
401 3737 509 3805 πολλὰ
536 3742 595 3805 καί
618 3736 696 3817 τοὺς
723 3737 880 3817 δικαστὰς
905 3752 977 3817 τοῖς
1004 3734 1158 3824 ἀνοήτοις

119 3841 458 3925 καθυπισχνούμενος.
486 3844 541 3908 καὶ
554 3838 706 3930 ἡττῶμαι
722 3842 781 3924 μὲν
799 3840 842 3908 τὰ
854 3843 1006 3921 πλεῖστα,
1027 3838 1060 3905 οί
1078 3842 1158 3928 φοί-

119 3966 205 4022 νικες
224 3942 260 4008 δέ
279 3942 336 4010 ἐπὶ
352 3949 392 4033 τῇ
410 3932 503 4034 θύρᾳ
517 3946 640 4033 χλωροὶ
657 3946 713 4010 καὶ
727 3942 1005 4031 ἐστεφανωμένοι·
1024 3941 1157 4023 τούτοις

81 4098 84 4111 .
120 4041 183 4132 γὰρ
203 4044 260 4112 ἐπὶ
277 4044 355 4127 τοὺς
374 4047 543 4130 δυστυχεῖς
558 4053 694 4136 χρῶμαι
708 4055 778 4126 τὀῖς
798 4046 956 4115 δελέασιν.
999 4043 1155 4113 ἀλλὰκαὶ
