2782 4574
318 194 423 253 LXVI.
449 195 621 253 HAOION
640 197 670 253 Η
690 197 825 253 ΕΥΧΑΙ
845 198 965 255 29-33.
1096 187 1162 253 123

122 378 128 384 ⁸
174 317 263 375 ΣΑΜ
294 303 361 369 Καὶ
374 297 494 381 αὐτοὺς
508 299 674 388 ἐρῶμεθα,
690 292 918 387 ῶίίδείμαντε,
932 301 1010 384 τούς
1023 304 1160 388 ἱππέας,

124 407 157 477 εί
173 407 323 488 δέξονταί
339 427 377 473 σε
395 399 537 492 ἀρχοντα
549 411 645 494 σφῶν
657 410 825 492 γενέσθαι.
853 401 920 493 ότφ
935 407 1034 489 δοκεῖ,
1055 399 1082 474 ὦ
1102 407 1161 476 ίπ-

125 521 209 589 πείς,
225 504 433 593 Ἀδείμαντον
452 507 640 594 ἱππαρχεῖν,
660 504 862 577 ἀνατεινάτω
879 508 938 597 τῆν
953 521 1059 599 χεῖρα.

174 626 303 683 ΑΔΕΙΜ.
337 610 473 693 Πάντες,
493 607 540 691 ῶς
557 606 647 700 δρᾷς,
668 601 880 696 ῶΣάμιππε,
901 611 1159 700 ἐχειροτόνησαν.

61 750 67 755 ·
174 729 263 784 ΣΔΜ
295 710 390 781 Ἀλλὰ
408 710 448 780 σύ
465 713 525 798 μὲν
542 709 621 799 ἀρχε
637 719 695 802 τῆς
713 714 832 797 ἵππου,
851 726 992 794 Λυκῖνος
1011 714 1159 798 δὲέχίτω
1273 740 1276 747 ·

124 814 162 885 τὸ
179 812 302 901 δεξιὸν,
331 811 446 884 οὐτοσὶ
469 816 505 883 δὲ
526 816 691 901 Τιμόλαος
713 816 770 885 ἐπὶ
791 823 851 885 τοῦ
873 814 1042 903 εὐωνύμου
1064 818 1161 887 τετά-

123 922 228 1003 ξεται,
248 915 312 1006 ἐγὼ
332 918 369 986 δέ
385 916 470 985 κατὰ
486 923 596 1002 μέσον,
617 915 664 999 ῶς
680 919 782 1004 νόμος
798 923 974 1005 βασιλεῦσι
991 926 1057 989 τῶν
1075 933 1161 1011 Περ-

125 1028 205 1105 σῶν,
236 1018 373 1089 ἐπειδάν
395 1017 492 1088 αὐτοὶ
515 1027 727 1112 συμπαρῶσι.
768 1026 937 1109 προΐωμεν
960 1024 996 1091 δὲ
1017 1020 1079 1113 ῆδη
1101 1022 1160 1113 τῆν
1178 1044 1211 1096 82

124 1122 181 1209 ἐπὶ
198 1128 367 1213 Κορίνθου
387 1122 445 1193 διὰ
461 1129 520 1212 τῆς
538 1119 679 1212 ὀρεινῆς,
700 1123 918 1211 ἐπευξάμενοι
933 1133 982 1215 τῷ
998 1129 1159 1215 βασιλείῳ

122 1231 189 1297 Διί.
230 1223 393 1295 κάπειδὰν
413 1222 473 1295 τάν
493 1232 534 1315 τῆ
553 1223 685 1295 Ἑλλάδι
706 1228 816 1297 πάντα
832 1225 895 1319 ἤδη
915 1228 1161 1315 χειρωσώμεθα

22 1368 23 1379 1
122 1368 165 1380 -
183 1325 294 1408 οὐδεὶς
310 1328 374 1417 γὰρ
392 1325 409 1398 ὅ
430 1329 559 1397 ἐναντία
576 1329 766 1417 θησόμενος
783 1328 861 1418 ῆμῖν
877 1328 921 1398 τδι
939 1327 1029 1399 όπλα
1040 1330 1160 1399 τοσσό-

22 1448 23 1507 λ
122 1457 194 1514 τοις
212 1422 315 1514 οὐσιν,
336 1428 405 1499 ἀλλ’
417 1427 544 1502 ἀκονιτὶ
561 1431 764 1522 κρατήσομεν
781 1473 824 1484 -
843 1432 1017 1520 ἐπιβάντες
1030 1431 1088 1501 ἐπὶ
1100 1431 1161 1515 τὰς

21 1616 23 1625 y
122 1535 266 1623 τριήρεις
283 1537 339 1602 καί
355 1533 434 1615 τούς
451 1535 579 1616 ἵππους
598 1535 631 1616 ἐς
646 1532 708 1615 τὰς
727 1534 944 1623 ἱππαγωγοὺς
957 1534 1158 1623 ἐμβιβάσαν-

21 1654 22 1657 ’
122 1663 242 1718 τες-
263 1638 532 1727 παρεσκεύασται
554 1636 584 1705 δ’
601 1638 635 1707 ἐν
656 1649 833 1729 Κεγχρεαῖς
857 1642 913 1707 καὶ
935 1651 1028 1720 σῖτος
1051 1636 1160 1721 ἱκανὸς

123 1743 180 1808 καὶ
202 1742 308 1809 πλοῖα
330 1742 446 1832 διαρκῆ
467 1745 524 1808 καὶ
544 1737 649 1809 τάλλα
670 1742 780 1810 πάντα
802 1782 844 1793 -
872 1742 1080 1828 διαβάλωμεν
1101 1741 1160 1811 τὸν

122 1843 264 1931 Αἰγαῖον
287 1841 321 1924 ἐς
342 1841 401 1931 τῆν
420 1841 552 1927 Ἰωνίαν,
578 1841 650 1912 εἶτα
672 1843 740 1912 ἐκεῖ
754 1851 795 1935 τῇ
810 1841 973 1936 Ἀρτέμιδι
994 1846 1161 1926 θύσαντες

122 1936 180 2015 καὶ
204 1945 266 2026 τὰς
291 1945 409 2026 πόλεις
430 1934 640 2030 ’ἀτειχίστους
666 1946 822 2033 λαβόντες
849 1949 974 2036 ῥαδίως
1001 1945 1161 2037 άρχοντας

18 2096 19 2103 1
124 2046 348 2130 ἀπολιπόντες
374 2057 597 2140 προχωρῶμεν
624 2048 681 2116 ἐπὶ
702 2054 824 2137 Συρίας
851 2049 908 2117 διὰ
935 2057 1062 2140 Καρίας
1088 2048 1161 2119 εἶτα

18 2146 19 2149 “
122 2158 250 2232 Λυκίας
276 2155 332 2218 καὶ
352 2155 554 2241 Παμφυλίας
579 2155 634 2219 καὶ
655 2152 805 2220 Πισιδῶν
831 2154 968 2241 καὶτῆς
992 2155 1159 2240 παραλίου

91 2337 95 2341 ‚
122 2257 182 2323 καὶ
200 2251 325 2344 ὀρεινῆς
341 2257 505 2338 Κιλικίας,
530 2252 607 2345 ἀχρι
624 2251 664 2323 ἀν
682 2253 740 2323 ἐπὶ
756 2250 814 2322 τὸν
831 2249 1012 2345 Εὐφράτην
1030 2252 1161 2345 ἀφικῶ-

123 2364 228 2444 μεθα.
1167 2428 1174 2438 ,

174 2477 260 2532 ΛΥΚ.
292 2457 376 2545 Ἐμὲ,
396 2451 424 2527 ὦ
441 2464 592 2545 βασιλεῦ,
613 2460 643 2530 εί
661 2460 764 2543 δοκεῖ,
785 2460 957 2550 σατράπην
974 2466 1033 2549 τῆς
1047 2457 1159 2528 Ἑλλά-
1178 2483 1211 2534 σε

124 2563 182 2643 δας
199 2564 377 2632 κατάλιπε·
396 2563 505 2645 δειλὸς
521 2565 584 2654 γάρ
602 2565 672 2650 εἰμι
688 2566 744 2631 καί
761 2570 827 2632 τῶν
846 2563 933 2632 οίκοι
950 2562 1037 2633 πολὺ
1056 2560 1161 2632 ἀπελ-

122 2673 201 2736 θεῖν
219 2665 279 2735 οὐκ
297 2663 339 2734 ἀν
355 2663 463 2747 ἀδεῶς
479 2664 713 2754 δπομείναιμι·
736 2664 775 2735 σὺ
796 2667 833 2734 δέ
851 2665 960 2747 ἐοικας
978 2666 1037 2736 ἐπὶ
1051 2663 1158 2754 Άρμι·

121 2774 214 2850 νίους
245 2772 301 2838 καὶ
327 2776 545 2860 Παρθυαίους
572 2770 715 2852 ἐλάσειν,
747 2768 878 2855 μάχιμα
904 2773 995 2859 φῦλα
1020 2772 1075 2837 καί
1101 2766 1160 2857 τὴν

122 2871 254 2961 τοξικὴν
281 2870 431 2957 εὐστοχα.
476 2869 562 2942 ῶστε
584 2869 673 2961 άλλη)
695 2870 868 2962 παραδοὺς
888 2870 928 2940 τὸ
951 2870 1073 2956 δεξιὸν,
1102 2870 1160 2957 ἐμὲ

120 2972 335 3067 Ἀντίπατρόν
352 3002 427 3045 τινα
445 2975 502 3045 ἐπὶ
520 2982 579 3063 τῆς
592 2972 747 3055 Ἑλλάδος
765 2973 872 3058 ἔασον,
891 2974 936 3063 μῆ
953 2978 1068 3061 μυκαὶ
1087 2975 1161 3043 δια-

122 3085 226 3168 πείρῃ
244 3105 295 3160 τις
313 3079 415 3168 οἰστῷ
434 3075 555 3146 ἀθλιον
572 3076 683 3162 βαλῶν
702 3076 735 3156 ἐς
751 3076 794 3144 τὰ
812 3076 927 3164 γυμνὰ,
952 3081 1038 3170 περὶ,
1047 3083 1162 3147 Σοῦσα

123 3178 146 3271 ῆ
163 3181 298 3272 Βάκτρα
315 3180 495 3271 ἡγούμενόν
513 3203 568 3248 σοι
584 3187 643 3268 τῆς
660 3180 839 3271 φάλαγγοςι

177 3300 268 3355 zm
298 3282 576 3372 ᾌποδιδράσκεις,
597 3274 767 3365 ῶΛυκῖνε,
785 3280 842 3351 τὸν
860 3281 1040 3368 κατάλογον
1054 3279 1164 3361 δειλὸς

124 3383 184 3455 ῶν.
222 3382 240 3455 δ
260 3388 297 3456 δὲ
312 3389 414 3474 νόμος
432 3385 687 3476 ἀπετετμῆοθαι
704 3384 761 3473 τῆν
774 3382 928 3476 κεφαλὴν,
949 3385 982 3454 εί
992 3410 1043 3465 τις
1055 3382 1163 3453 λιπὼν

125 3494 284 3579 φαίνοιτο
305 3488 364 3579 τῆν
385 3491 488 3573 τάξιν.
535 3488 603 3558 ἀλλ’
620 3488 694 3560 ἐπεὶ
715 3486 798 3557 κατὰ
819 3486 877 3565 τὸν
898 3484 1078 3580 Εὐφράτην
1098 3484 1161 3577 ῆδη

125 3590 225 3678 ἐσμὲν
243 3596 298 3660 καὶ
316 3591 335 3660 ὃ
354 3592 506 3679 ποταμὸς
525 3593 669 3676 ἐ’ζευκται
686 3597 742 3660 καί
758 3593 900 3662 κατόπιν
923 3588 1035 3662 ὁπόσα
1054 3592 1163 3678 διελη·

125 3696 280 3780 λόθαμεν
302 3693 464 3786 ἀσφαλῶς
491 3696 557 3781 ἐ’χει
583 3697 774 3764 καλπάντα
800 3692 947 3783 ὕπαρχοι
972 3699 1163 3777 κατέχουσιν
1249 3749 1257 3754 .
1295 3729 1298 3733 v

124 3794 182 3867 ὐπ’
200 3798 282 3884 ἐμοῦ
305 3797 432 3897 ἐκάστφ
456 3800 547 3868 ἐθνει
569 3800 819 3882 ἐπισταθέντες,
844 3799 878 3866 οἱ
900 3798 937 3866 δὲ
959 3799 1016 3864 καὶ
1038 3786 1163 3867 ἀπίασι

124 3900 185 3991 τῆν
207 3909 358 3993 Φοινίκην
374 3901 452 3992 ῆμῖν
470 3902 503 3971 ἐν
519 3903 669 3991 τοσοότφ
686 3905 742 3970 καὶ
763 3900 821 3992 τῆν
837 3905 1070 3989 Παλαιστίνην,
1089 3898 1163 3970 εἶτα

124 4007 184 4072 καὶ
200 4004 259 4096 τῆν
275 4007 446 4096 Αίχυπτον
467 4007 726 4103 προσαξόμενοι,
751 4005 791 4076 σύ
814 4014 961 4098 πρῶτος,
986 3995 1161 4090 ῶΛυκίνε,
