2792 4580
235 195 369 253 Lxxu
395 198 414 234 ν
432 197 532 253 ΠΕΡΙ
547 197 633 255 Tm:
650 196 809 257 ονοισν
828 198 944 254 σοον
961 198 1049 253 1-3.
1091 186 1156 259 ῖοο

104 304 224 375 ἄλλων
236 303 283 370 ,δέ
292 298 320 369 ἀ
333 302 488 385 Διόνικος
500 301 690 387 ἐπεμελεῖτο
705 300 744 390 δίη
757 301 807 371 τὸι·
814 300 945 384 δυνατὰ,
963 305 1021 371 νυδ
1031 309 1156 377 ναθοντ

109 410 278 496 δόσοντσς
297 402 475 492 ἀπήγοντο,
495 404 648 490 ίμούντες
666 406 700 472 οἱ
716 407 838 475 πολλοὶ
855 403 888 478 ἐν
905 418 979 485 τοῖς
997 402 1101 486 ὁδοῖς.
1117 401 1153 477 ,ὁ

109 516 230 596 μέντοι
243 506 444 593 Ἀλκιδάμας
461 505 564 577 αύτοό
583 508 719 594 ἔμεινεν·
743 505 782 576 ού
799 506 861 598 γάρ
881 507 1086 596 ἐδυνήθησαν
1104 507 1156 582 ἀντ

106 616 230 700 ’βαλεῖν
247 609 312 679 τὸν
329 605 446 697 ἀνδρα,
471 609 547 679 ἐπεί
563 607 657 694 ἅπαξ
671 608 865 698 καταβαλὼν
888 609 1004 680 ἑαυτὸν
1023 610 1080 680 ἐπὶ
1097 617 1156 703 τῆς

59 732 72 744 “
110 718 223 803 κλίνης
242 716 401 801 πλαγίως
416 713 586 783 ἐκάθουδσ.

165 816 277 886 Τοῦτό
294 839 351 884 σοι
362 821 466 900 τέλος,
480 808 507 885 τύ
520 819 599 885 καλέ
609 820 724 900 Φίλων,
741 817 865 905 ἐγένετο
878 822 938 885 τού
953 821 1151 902 συμποσίου,
1171 834 1206 885 48

109 918 132 1008 ἢ
149 916 296 1007 ἄμεινον
313 918 352 988 τὸ
370 919 522 1007 τραγικὸν
541 920 644 989 ἐκεῖνο
662 920 822 1002 ἐπειπεῖν,

316 1027 443 1093 Πολλοί
459 1028 592 1114 μορφαὶ
606 1031 672 1094 τοῖν
696 1022 883 1109 δαιμονίων,

317 1125 426 1194 πολλὰ
445 1124 476 1194 δ’
492 1125 644 1209 ἀέλπτως
660 1134 830 1217 κραίνουσι
846 1128 938 1208 θεολ,
992 1164 996 1175 ·

315 1231 373 1296 καὶ
388 1227 432 1296 τά
450 1226 618 1318 δοκηθέντ’
634 1227 695 1298 οὐκ
711 1229 884 1317 ἐτελέσθη·

110 1330 359 1422 ἀπροσδόκητα
379 1329 441 1418 γὰρ
465 1329 511 1411 ὥς
533 1329 671 1419 ἀληθῶς
693 1328 802 1419 ἀπέβη
824 1333 880 1398 καί
901 1333 1014 1397 ταύτα.
1049 1326 1153 1397 ἐκεῖνό

109 1460 146 1522 γε
167 1434 236 1524 μὴν
259 1434 445 1522 μεμάθηκα
465 1430 541 1521 ἤδη,
566 1433 613 1514 ιὸς
635 1431 694 1503 ούκ
716 1432 864 1523 ἀσφαλὲς
886 1429 1053 1520 ἀπρακτον
1076 1426 1156 1499 ὄντα

108 1543 365 1608 συνεστιᾶσθαι
381 1538 553 1616 τοσούτοις
571 1550 703 1626 σοφοῖς.

231 1819 234 1824 J
275 1774 314 1840 ⁴*
340 1793 465 1861 ΠΕΡΙ
490 1794 591 1863 τον
619 1794 808 1866 ΣΥΡΙΗΣ
837 1746 996 1861 σοον.ἱ

157 1946 257 2035 Ἔστι
281 1946 316 2016 ἐν
337 1948 562 2036 Συρίηπόλις
585 1947 622 2015 σύ
646 1946 770 2017 πολλὸν
796 1944 866 2015 ἀπὸ
888 1952 948 2015 τοῦ
969 1944 1153 2036 Εύφρήτοω
1174 1963 1189 2012 1

113 2058 288 2137 ποταμοῦ,
307 2053 458 2118 καλέεται
476 2051 513 2117 δέ
524 2048 586 2139 Ἱρὴ
605 2053 661 2118 καὶ
679 2050 749 2118 ’ἐστι
763 2048 815 2138 ἱρὴ
832 2056 891 2137 τῆς
901 2045 999 2135 Ἥρης
1016 2055 1075 2135 τῆς
1084 2043 1156 2115 Ἀσ-

115 2161 243 2243 συρίης.
276 2154 399 2221 δοκέειν
418 2154 455 2219 δέ
470 2179 538 2237 μοι,
557 2152 691 2222 τόδετὸ
711 2148 835 2237 ούνομα
853 2148 912 2220 οὐκ
929 2146 998 2235 ἀμοι
1015 2159 1053 2237 τῇ
1072 2148 1154 2217 πάλι

111 2257 291 2344 οἰκεομένῃ
311 2254 444 2341 ἐγένετο,
464 2252 548 2324 ἀλλὰ
564 2254 603 2324 τὸ
621 2257 680 2342 μέν
699 2254 833 2345 ἀρχαῖον
852 2243 997 2340 ἀλλοίην,
1016 2249 1101 2336 μετὰ
1119 2251 1156 2317 δέ

115 2366 219 2449 σφισι
235 2364 306 2429 τῶν
325 2356 404 2447 ἐρῶν
420 2359 570 2445 μεγάλων
592 2364 768 2446 γινομένων
791 2357 824 2436 ἐς
845 2355 923 2424 τάδε
944 2352 964 2444 ἡ
984 2353 1152 2440 ἐπωνυμίη

117 2458 274 2531 ἀπίκετο.
301 2463 381 2549 περὶ
391 2462 512 2550 ταύτης
526 2454 572 2530 ὦν
584 2468 645 2551 τῆς
656 2462 775 2541 πόλιος
790 2459 925 2547 ἐρχομαι
939 2457 1038 2548 ἐρέων
1052 2453 1155 2526 ὁκόσα

118 2562 153 2633 ἐν
176 2563 264 2659 αὐτῇ
284 2561 365 2631 ἐστι.
400 2562 485 2653 ἐρέω
505 2566 542 2634 δέ
562 2569 618 2633 καὶ
640 2566 761 2651 νόμους
782 2575 873 2632 τοῖσι
894 2561 928 2642 ἐς
949 2559 992 2631 τδι
1010 2557 1066 2648 ἱρὰ
1081 2563 1156 2648 χρέ-

119 2691 230 2748 ονται,
250 2668 308 2733 καί
324 2669 505 2755 πανηγύρις
521 2666 582 2748 τὰς
600 2665 732 2756 ἀγυυσι,
754 2670 810 2734 καὶ
826 2672 951 2743 θυσίας
968 2661 1027 2743 τὰς
1046 2661 1156 2732 ἐπιτε-
1173 2712 1177 2718 -

117 2771 248 2838 λέουσι.
284 2767 365 2856 ἐρέω
385 2770 421 2836 δέ
439 2767 542 2839 ὁκόσα
563 2774 620 2838 καί
640 2773 720 2856 περὶ
735 2776 801 2837 τῶν
818 2767 857 2837 τὸ
882 2766 951 2857 ἱρὸν
975 2765 1154 2850 εἱσαμένων

118 2875 384 2956 μυθολογέουσι,
411 2871 554 2941 καὶτὸν
580 2870 656 2961 νηὸν
683 2870 768 2952 ὅκως
794 2871 929 2958 ἐγένετο.
973 2869 1091 2959 γράφω
1119 2867 1156 2934 δέ

114 2970 292 3058 Ἀσσύριος
310 2970 380 3053 ἐὼν,
403 2978 459 3041 καὶ
476 2981 542 3042 τῶν
560 2972 749 3061 ἀπηγέομαι
765 2972 807 3041 τὰ
829 2974 887 3057 μὲν
911 2969 1056 3060 αύτοιμίη
1075 2970 1156 3055 ἐμα-

116 3082 199 3155 θον,
228 3071 272 3139 τδι
296 3074 333 3141 δέ
357 3073 452 3164 παρὰ
477 3082 542 3143 τῶν
569 3075 664 3166 ἱρέων
690 3074 797 3163 ἐδάην,
826 3071 930 3142 ὁκόσα
955 3073 1051 3142 ἐόντα
1078 3072 1155 3160 ἐμοῦ

119 3176 336 3268 πρεσβύτερα
354 3174 419 3264 ἐγὼ
437 3177 586 3266 ἱστορέω.

174 3284 311 3366 Προίτου
323 3279 382 3363 μέν
400 3270 447 3348 οἷν
465 3276 657 3369 ἀνθρώπων
673 3284 740 3347 τῶν
757 3275 852 3375 ἡμεῖς
869 3277 963 3362 ἰ’δμεν
975 3275 1156 3361 Αἰγύπτιοι
1174 3297 1190 3345 2

123 3382 274 3467 λέγονται
296 3387 388 3451 θεῶν
409 3408 445 3452 τε
467 3381 592 3452 ἐννσιαν
613 3385 725 3470 λαβεῖν
749 3383 805 3449 καί
832 3378 889 3470 ίρά
915 3378 1076 3446 εἵσασθαι
1100 3379 1157 3444 καί

122 3487 260 3566 τεμένεα
280 3488 336 3553 καί
357 3487 539 3577 πανηγύρις
561 3483 733 3568 ἀποδέξαι.
776 3490 907 3575 πρῶτοι
929 3482 965 3549 δέ
986 3483 1042 3549 καὶ
1064 3476 1157 3548 ούνό-

124 3607 216 3666 ματα
235 3585 291 3677 ίρδι
308 3587 451 3674 ἐγνωσαν
468 3593 524 3656 κοιλ
545 3590 663 3678 λόγους
686 3586 777 3679 ίροὸς
799 3587 921 3668 ἐ’λεξαν.
955 3581 1040 3670 μετὰ
1062 3584 1098 3650 δέ
1117 3578 1155 3649 οά

124 3689 241 3777 πολλῷ
251 3714 314 3777 τεῳ
326 3690 433 3778 χρόνῳ
443 3688 522 3778 παρ’
529 3692 721 3778 Αἰγυπτίων
734 3691 831 3777 λόγον
837 3686 1003 3776 Ἀσσύριοι
1012 3685 1046 3765 ἐς
1054 3682 1156 3764 θεοὺς

125 3781 270 3873 ἤκουσαν
286 3795 343 3859 καὶ
362 3789 594 3883 ίρδικαλνηοὺς
605 3789 745 3882 ἤγειραν,
766 3791 798 3860 ἐν
811 3803 902 3858 τοῖσι
914 3791 969 3856 καὶ
983 3785 1157 3876 ἀγάλματα

126 3886 245 3960 ἐθεντο
258 3895 314 3962 καὶ
327 3892 429 3975 ξόανα
443 3893 631 3983 ἐστήσαντο.
662 3888 704 3962 τύ
715 3895 751 3962 δέ
768 3890 913 3963 παλαιὸν
930 3894 986 3958 καὶ
1003 3886 1081 3977 παρ’
1092 3890 1155 3960 Az—
1174 3909 1189 3960 3

126 4000 300 4076 γυπτίσισι
316 3993 453 4080 ἀξόανοι
465 3997 499 4067 οἱ
515 3999 588 4087 νηοί
603 3996 689 4068 ἐστιν.
715 3999 771 4065 καὶ
784 3995 855 4065 ἐστι
870 3992 926 4085 ίρδι
937 3997 995 4063 καῖ
1007 3993 1040 4064 ἐν
1051 3998 1155 4084 Συρίη
