2782 4574
264 212 327 281 '158
376 200 384 215 ’
655 220 909 284 ιοιιαιιιαι
977 242 979 247 >
1101 222 1104 226 ·
1183 172 1194 186 ¹*

263 339 325 424 σοῦ
344 331 446 401 ένεκεν
465 328 622 422 άργυρᾶν,
646 335 702 400 καὶ
720 332 821 399 πάλιν
842 336 883 419 νῇ
904 333 1004 421 μητρὶ
1026 329 1075 410 είς
1095 304 1323 419 ῦποδήματα-
1386 314 1387 361 3

260 434 326 506 660
343 433 490 525 δραχμὰς
507 439 562 503 καὶ
579 436 674 524 Λυδῇ
690 434 794 522 ταύτῃ
809 433 975 513 πολλάκις
997 432 1032 514 ές
1052 431 1111 522 τὴν
1131 446 1227 524 χεῖρα
1242 424 1306 504 νῦύ

261 539 321 625 μὲν
340 538 421 620 δύο,
437 544 491 604 νῦν
511 539 726 626 &emmone
748 533 905 623 δβολούςς
931 542 1036 604 ταῦτα
1053 535 1165 605 πάντα
1187 560 1301 607 συντεό
1386 572 1387 647 γ

262 645 368 709 θέντα
387 637 485 708 ούσία
502 640 622 708 ναύτου
642 637 762 729 ἀνδρὸς
778 629 827 729 ἦν.

314 758 426 814 ΜΥΡΤ.
464 740 511 811 Τὰ
528 743 680 829 κρόμμυα
697 744 753 809 καὶ
771 742 805 810 οἱ
822 742 997 830 σαπέρδαι,
1018 730 1047 807 ιῦ
1064 747 1220 831 Δωρίων’,·

315 861 395 916 ΔΩΡ.
434 850 517 912 Ναί·
545 841 583 912 οῦ
606 843 667 935 γὰρ
691 842 778 929 εἶχον
799 845 905 911 πλείω
927 843 1087 929 κομίζειν·
1110 841 1149 911 οῦ
1171 843 1233 932 γάρ
1257 842 1299 916 όν
1370 815 1387 879 ,*

262 944 407 1037 ἤρεττον,
431 947 465 1016 εί
478 952 516 1036 γε
533 950 687 1016 πλουτῶν
704 945 886 1034 ἐτύγχανον.
921 973 961 1036 τῃ
947 948 1079 1034 μητρὶ
1097 948 1144 1015 δὲ
1151 943 1228 1014 σ’ύδέ
1237 971 1299 1016 κε-
1316 1030 1318 1034 Ι

182 1088 185 1093 ·
263 1053 348 1141 φαλί
335 1052 391 1118 ίδα
416 1056 496 1136 μίαν
518 1050 683 1137 σκορόδου
712 1047 883 1133 έκόμισα
876 1047 1027 1117 πώποτε.
1071 1047 1178 1135 ἡδέως
1204 1045 1235 1117 δ’
1257 1046 1300 1121 ἂν

263 1149 435 1239 ε’μαθον”
412 1153 509 1221 ατινά
528 1178 583 1221 σοι
600 1150 694 1242 παρὰ
711 1176 770 1219 του
756 1157 940 1220 Βιθυνοῦ
957 1179 1001 1219 τα
985 1150 1120 1265 διῦρα.

313 1273 426 1328 ΜΥΡΤ
456 1259 554 1325 Τουτὶ
571 1261 714 1345 πρῶτον,
735 1251 825 1379 ὁρᾷς,
844 1253 883 1323 τὸ
895 1255 1048 1339 χιτώνιον
1066 1254 1187 1336 ἐκεῖνος
1201 1254 1306 1344 έπρί·

264 1385 334 1442 ατο,
354 1358 484 1428 καὶτὸν
502 1354 604 1448 ὅρμον
621 1356 679 1425 τὸν
696 1358 910 1446 παχύτερον,

315 1479 396 1534 ΔΩΡ.
431 1459 585 1545 Ἐκεῖνοςς
602 1457 693 1552 ᾔδειν
710 1462 773 1550 γάρ
792 1485 829 1528 σε
847 1460 954 1527 πάλαι
972 1459 1119 1542 έχουσαν.

259 1610 264 1616 =
294 1582 426 1637 MTPT.
458 1562 537 1633 Ἀλλ’
554 1565 591 1632 ὃν
612 1561 720 1653 ᾔδεις,
742 1561 830 1630 πολύ
853 1563 1054 1652 λεπτότερος
1073 1553 1111 1650 ἦν
1133 1565 1190 1631 καλ
1211 1587 1300 1649 σμα·

263 1668 407 1792 ράγδοος
429 1664 487 1734 οῦκ
509 1662 586 1748 εἶχε.
631 1669 687 1733 καί
714 1666 848 1752 ἐλλόβια
870 1668 966 1748 ταυτὶ
992 1668 1048 1732 καὶ
1071 1666 1213 1748 δάπιδα,
1239 1670 1298 1735 καὶ

262 1795 328 1895 πρ
313 1771 379 1858 ύην
398 1769 457 1837 δύο
476 1775 572 1854 μνᾶς,
595 1769 651 1835 καὶ
668 1767 707 1836 τὸ
727 1768 864 1836 ἐνοίκιον
885 1766 1102 1855 κατέβαλεν’
1082 1770 1149 1837 υπ
1149 1795 1168 1858 ρ
1190 1764 1293 1856 ἡμῶν,

263 1898 303 1941 ου
291 1870 465 1940 ’σάνδαλα
478 1868 650 1960 Παταρικὰ
662 1874 717 1938 καὶ
730 1869 828 1958 τυρὸν
836 1870 1007 1997 Γυθιακδν
1019 1896 1076 1941 και
1064 1864 1294 1961 φληνάφους.

227 1997 246 2046 ι
314 1991 393 2045 ΔΩΡ.
427 1971 558 2042 Αλλδι’
543 1987 645 2042 εκεῖνο
669 1971 708 2041 ού
731 1976 848 2061 λέγεις,
878 1975 939 2063 οίιμ
963 1972 1034 2043 ύντι
1059 1974 1298 2063 συγκαθεύδεις

159 2121 162 2125 -
263 2074 364 2166 αύτῷ.
401 2077 455 2166 έιη
473 2077 532 2162 μὲν
551 2072 691 2167 ῦπέρ’
654 2104 696 2144 τα
714 2078 916 2164 πεντήκοντα
933 2078 1081 2160 πάντως,
1106 2072 1298 2166 ἀναφαλαν-

261 2187 335 2260 τίας
360 2185 416 2248 καὶ
442 2178 500 2269 τὴν
515 2181 671 2308 χρόανο
675 2178 725 2260 ἶος
749 2181 914 2270 κάραβος·
951 2178 1029 2249 οῦδὲ
1053 2177 1132 2260 τοῦς
1158 2177 1296 2259 ὀδόντας

262 2281 365 2352 αῦτοῦ
389 2280 479 2372 ὁρᾷς.
515 2268 552 2349 αἱ
569 2284 629 2367 μὲν
650 2281 712 2371 γάρ
732 2284 879 2369 χάριτες,
903 2274 931 2349 ιδ
928 2283 1137 2454 ἶΔιοσκόρω,
1161 2283 1294 2366 πολλαὶ,
1386 2284 1387 2295 ²

260 2389 317 2452 καί
333 2381 509 2470 μάλιστα
492 2382 620 2452 οπόταν
634 2381 700 2473 ᾅδῃ
712 2389 767 2452 καὶ
786 2382 943 2473 ἆβρὸςί
911 2412 926 2453 ε
941 2413 995 2454 ναι
1013 2385 1156 2475 έθέλῃῇ
1144 2381 1219 2464 ύνος
1235 2381 1297 2453 αῦ-

260 2490 376 2575 τολυρί
377 2489 452 2570 ζων,
480 2490 593 2576 φασίν.
635 2483 745 2554 ἀλλ”
725 2513 818 2556 οναιο
847 2486 948 2557 αῦτοῦ
972 2485 1050 2572 ἀξία
1070 2515 1107 2578 γε
1130 2480 1215 2556 οῦσα
1238 2490 1297 2556 καὶ

260 2595 387 2679 γένοιτο
404 2587 482 2675 ύμῖν
498 2591 636 2657 παιδίον
654 2585 770 2674 ὅμοιον
786 2597 835 2678 τῷ
851 2595 964 2682 ίτατρλ,
985 2591 1048 2680 ἐγὼ
1070 2593 1179 2660 δὲκαὶ
1196 2587 1298 2671 αῦτδς

262 2691 389 2782 εῦρήσιυ
412 2688 606 2781 Δελφίδαιῆ
627 2693 820 2781 Κυμβάλιόν
840 2720 915 2761 τινα
936 2701 1002 2762 τιῦν
1024 2691 1092 2771 κατ’
1110 2695 1167 2781 ἐμὲ
1189 2690 1211 2782 6
1235 2691 1296 2782 τὴν
1376 2696 1387 2781 j

261 2803 391 2919 γείτογα
408 2791 501 2880 ῦμιῦν
518 2792 576 2883 τὴν
595 2792 774 2885 αὐλητρίδα
792 2791 813 2884 6
830 2796 964 2876 πάντως
980 2798 1064 2865 τινά.
1094 2796 1257 2886 δάπιδας
1259 2797 1298 2864 δέ
1386 2786 1387 2843 ί

261 2895 356 2965 καὶ”
336 2921 388 2987 ορι
375 2921 459 2982 μους
475 2899 532 2965 καὶ
550 2898 685 2982 διμναῖα
702 2899 910 2984 μισθώματα
929 2896 966 2965 ού
985 2900 1108 2980 πάντες
1126 2898 1250 2984 έχομεν.

201 3045 207 3055 .
311 3017 422 3071 ΜΥΡΓ
443 2992 477 3070 ³2
492 3007 648 3128 μουιαρία
658 3001 724 3069 ἐκεί
711 3007 771 3090 ίνη,
790 2997 862 3090 ἥτις
881 2999 1018 3090 ἐραστὴν
1036 3003 1082 3084 σὲ,
1103 3027 1130 3067 ιυ
1116 2992 1297 3089 Δωρίων,

198 3135 203 3145 ’
262 3102 342 3185 έξει·
361 3104 513 3193 κρόμμυα
529 3101 592 3193 γὰρ
608 3101 689 3193 αῦτῇ
704 3105 807 3185 οίσεις
821 3103 1005 3194 έκΚύπρου
1019 3108 1075 3172 και
1087 3130 1194 3193 τυρον
1215 3100 1298 3174 όταν

175 3216 185 3226 “
263 3202 443 3276 έκΓνθίου
462 3209 658 3296 καταπλέῃς.

758 3376 800 3430 15.

518 3487 684 3545 ΚΟΧΛΙΣ
704 3487 779 3542 ΚΑΙ
800 3487 1035 3542 ΠΑΡΘΕΝΙΣ.

227 3640 242 3690 1
313 3632 430 3690 ΚΟΧΔ.
469 3625 508 3688 Τί
525 3619 684 3707 δακρύεις,
704 3607 905 3704 (ῦΠαρθενὶ,
923 3613 946 3706 6
964 3617 1074 3686 πόθεν
1091 3616 1300 3705 κατεαγότας

259 3720 339 3802 τοῦς
356 3720 476 3802 αύλοῦς
494 3727 622 3811 φέρειςς
1386 3798 1387 3809 2

250 3884 253 3891 ,
311 3825 421 3896 ΠΑΡΘ.
453 3822 703 3914 Ὁστρατιάτης
721 3821 739 3893 6
757 3823 909 3906 Αἰτωλὸς
927 3821 946 3892 6
964 3848 1066 3912 μεγας
1083 3820 1102 3892 6
1119 3824 1301 3913 Κροκάλης
1386 3812 1387 3887 ἶ

140 4019 151 4027 ·
262 3927 344 4018 δρῶν
362 3928 522 4017 ἐρράπισέ
538 3954 580 4014 με
598 3925 762 3998 αὐλοῦσαν
780 3925 882 4016 εύριὸν
896 3927 990 4016 παρὰ
1002 3935 1041 4018 τῇ
1055 3929 1209 4019 Κροκάλῃ
1222 3922 1300 3995 ῦπὸ

258 4037 320 4099 τοῦ
339 4029 536 4120 ἀντεραστοῦ
555 4029 656 4101 αύτοῦ
669 4034 796 4122 Γόργου
810 4037 1076 4122 μεμισθωμένον,
1095 4034 1152 4100 καὶ
1164 4030 1302 4115 τούςτο
