2748 4572
140 299 144 306 ¹
237 228 280 295 36
623 236 882 293 ΛΟΥΚΙΑΝΟΥ

235 343 274 414 τὸ
291 341 355 435 γάρ
373 340 407 411 δν
422 352 495 425 τοῖς
510 352 635 420 κοινοῖς
646 338 745 408 καινὰ
756 339 932 428 δπινοῆσαι
943 339 1084 420 κάλλους
1102 342 1275 429 δείγματα,

238 445 275 515 οὐ
294 451 414 537 μικράς
432 448 557 534 σοφίας
574 441 675 532 ἐ’γωγε
692 447 843 527 τίθεμαι,
863 440 934 510 οἶον
950 444 1007 517 καί
1023 442 1105 511 τόδε
1120 441 1277 535 τδιέργον

236 546 256 619 ό
280 548 473 634 θαυμάσιος
497 543 575 636 ήμῖν
593 541 728 625 Ἱππίας
754 544 947 627 ἀπεδείξατο
973 546 1088 626 πάσας
1112 545 1188 630 ἕχον
1209 545 1278 629 τὰς

160 718 165 725 ,
235 654 413 740 βαλανείου
431 646 559 739 ἀρετὰς,
577 646 617 716 τδ
629 649 798 737 χρήσιμον,
817 646 858 716 τδ
873 645 1033 737 εάκαιρον,
1051 647 1092 717 τδ
1105 646 1275 739 εάφεγγδς,

235 752 274 822 τδ
299 753 493 841 σύμμετρον,
520 749 558 820 τό
581 756 629 840 τῷ
651 750 748 838 τόπῳ
771 746 984 841 ἡρμοσμένον,
1012 744 1051 819 τδ
1077 749 1136 839 τὴν
1159 757 1277 842 χρείαν

238 855 374 946 ἀσφαλῆ
392 854 625 944 παρεχόμενον,
647 856 704 921 καὶ
726 858 866 942 προσέτι
881 860 923 944 τῇ
946 851 1028 944 ἀλλη
1050 859 1207 944 περινοίᾳ
1219 880 1276 923 κε-

166 980 170 991 ’
237 963 449 1048 κοσμημόνον,
474 954 612 1046 ἀφόδων
629 957 689 1041 μὲν
712 953 895 1043 ἀναγκαίων
914 958 1008 1024 δυσίν
1029 952 1276 1046 ἀναχωρήσεσιν

238 1062 367 1144 ἐξόδοις
382 1086 419 1129 τε
436 1061 579 1139 πολλαῖς
595 1064 837 1148 τεθυρωμένον,
862 1055 958 1148 ιόρῶν
976 1058 1012 1126 δὲ
1035 1057 1149 1138 διττὰς
1167 1059 1273 1148 δηλιά

162 1214 174 1234 ,
238 1188 322 1246 σεις,
346 1162 404 1252 τῆν
421 1163 480 1248 μὲν
499 1158 540 1230 δι’
554 1157 676 1241 ἀδατος
693 1163 749 1228 καὶ
766 1161 971 1250 μυκήματος,
994 1160 1054 1249 τήν
1071 1163 1108 1229 δὲ
1125 1158 1275 1251 δι”ῆλίου

237 1265 511 1350 ἐπιδεικνύμενον.
554 1271 661 1333 ταῦτα
688 1263 802 1332 ἰδόντα
826 1262 872 1353 μὴ
896 1260 1083 1333 ἀποδοῦναι
1108 1262 1168 1333 τὸν
1191 1270 1277 1354 πρί-

236 1394 344 1439 ποντα
371 1366 508 1437 ἀπαινον
533 1373 581 1455 τῷ
609 1365 693 1455 ἔργῳ
717 1364 777 1433 οὐκ
803 1362 943 1455 ἀνοήτου
973 1367 1083 1452 μόνον,
1112 1363 1277 1435 ἀλλὰκαὶ

238 1470 432 1562 ἀχαρίστου,
458 1471 642 1555 μᾶλλονδὲ
667 1468 833 1555 βασκάνου
859 1493 919 1554 μοι
933 1467 1031 1538 ἐἶναι
1053 1470 1172 1552 ἔδοξεν.
1208 1468 1274 1557 ἐγὼ

236 1577 297 1660 μὲν
323 1564 380 1641 οάν
407 1571 441 1651 ἒς
466 1573 605 1656 δύναμιν
629 1574 685 1639 καλ
710 1570 749 1639 τὸ
777 1569 871 1661 ἔργον
892 1571 1027 1640 καὶτὸν
1052 1578 1197 1661 τεχνίτην
1216 1576 1276 1640 καὶ

86 1752 92 1761 Ι
240 1674 440 1762 δημιουργὸν
461 1672 657 1762 ἠμειψάμην
678 1679 727 1761 τῷ
749 1674 847 1761 λόγῳ.
884 1674 915 1742 εί
938 1677 975 1742 δὲ
995 1673 1081 1757 θεὸς
1105 1675 1276 1761 παράσχοι

86 1866 91 1873 .
154 1840 159 1843 .
238 1780 295 1845 καλ
316 1778 510 1846 λούσασθαί
530 1802 627 1858 ποτε,
652 1774 799 1856 πολλοὺς
821 1771 899 1844 οῖδα
921 1777 1002 1860 ἕξων
1024 1776 1102 1858 τοὺς
1118 1777 1277 1866 κοινωνή·
1366 1786 1367 1841 λ

241 1880 359 1961 σοντάς
375 1905 434 1965 μοι
452 1885 518 1947 τῶν
536 1879 692 1948 ἐπαίνων.

441 2134 717 2204 11POAAA1A
744 2116 776 2203 ο
804 2135 1070 2206 Ammon.

206 2316 220 2363 1
283 2286 353 2360 Ὅτε
375 2286 393 2359 ό
413 2290 574 2369 Διόνυσος
592 2286 643 2358 ἀπ’
659 2287 780 2369 Ἰνδοὺς
797 2290 954 2375 στρατιὰν
975 2288 1077 2379 ήλασε
1095 2330 1136 2342 -
1153 2290 1278 2360 κωλύει

238 2391 301 2483 γὰρ
324 2389 433 2474 οάδλν,
460 2389 568 2476 οἶμαι,
595 2393 651 2460 καλ
671 2398 784 2477 μῦθον
805 2390 883 2478 ὑμῖν
905 2394 1132 2483 διηγήσασθαι
1153 2402 1282 2475 Βακχο-
1317 2464 1323 2473 ,

223 2477 296 2563 “κόν
314 2534 357 2545 -
374 2497 478 2583 φασὶν
496 2491 583 2563 οότω
601 2501 852 2585 καταφρονῆσαι
874 2493 976 2563 αὐτοῦ
996 2493 1039 2561 τά
1060 2499 1181 2580 πρῶτα
1196 2493 1281 2576 τοὺς

240 2595 444 2683 ἀνθρώπους
460 2596 540 2679 τοὺς
562 2594 629 2665 ἐκεῖ
650 2592 735 2692 δι’στε
756 2601 937 2688 καταγελᾶν
958 2595 1280 2682 ἐπιόντος,.μάλλον

240 2700 277 2768 δὲ
304 2700 405 2768 ἐλεεῖν
430 2698 488 2789 τὴν
514 2700 638 2785 τόλμαν
665 2696 782 2767 αάτίκα
807 2701 897 2786 μάλα
924 2705 1278 2789 συμπατηθησομένου
1365 2718 1366 2781 λ

238 2800 308 2871 όπδ
325 2810 391 2871 τῶν
410 2802 604 2893 ἐλεφάντων,
629 2802 660 2871 εἰ
678 2800 893 2887 ἀντιτάξοιτο.
929 2798 1047 2891 ήκουον
1067 2802 1145 2891 γάρ,
1170 2799 1278 2887 οἶμαι,
1365 2800 1366 2811 ’

238 2912 306 2973 τοῖν
328 2912 462 2974 σκοπῶν
485 2903 646 2974 ἀλλόκοτα
667 2902 753 2992 ἀπλρ
775 2913 834 2995 τῆς
860 2912 1018 2996 στρατιάς
1041 2901 1143 2974 αάτοό
1161 2901 1281 2995 ἀγγελ-
1365 2936 1366 2975 z

239 3007 371 3091 λόντων,
393 3004 438 3089 ὥς
455 3004 475 3097 ῆ
492 3010 551 3094 μὲν
570 3010 702 3098 φάλαγξ
718 3006 807 3097 αὐτῷ
825 3013 882 3078 καλ
898 3010 931 3078 οί
943 3009 1038 3094 λόχοι
1050 3020 1196 3098 γυναῖκες
1209 3002 1281 3078 εἶεν
1365 3008 1366 3033 ³

240 3108 395 3200 ἐ’κφρονες
407 3114 463 3178 καλ
472 3125 658 3200 μεμηνυῖαι,
679 3119 778 3200 κιττῷ
796 3111 999 3197 ἐστεμμέναι,
1014 3111 1167 3200 νεβρίδας
1180 3108 1280 3197 ἒνημ·

238 3218 344 3299 μόναι,
366 3214 504 3303 δοράτια
521 3213 622 3302 μικρὰ
640 3214 787 3298 ἔχουσαι,
809 3212 964 3305 ἀσίδηρα,
983 3219 1202 3301 κιττοποίητα
1217 3214 1278 3281 καλ

239 3323 352 3397 ταῦτα,
371 3323 429 3383 καί
444 3343 519 3386 τινα
532 3318 695 3404 πελτάρια
707 3323 827 3406 κοῦφα,
846 3322 1045 3402 βομβοῦντα,
1065 3316 1099 3384 εἰ’
1110 3342 1162 3395 τις
1174 3314 1280 3400 μόνον

241 3420 460 3507 προσάψαιτο
483 3460 526 3471 -
549 3417 671 3488 ἀσπίσι
692 3417 753 3508 γὰρ
775 3416 893 3509 ᾔκαζον
914 3421 971 3487 καλ
993 3417 1037 3487 τδι
1058 3420 1215 3505 τύμπανα
1232 3456 1285 3487 -.
1364 3472 1365 3507 ,

242 3518 372 3609 ὀλίγους
395 3524 432 3589 δέ
451 3549 544 3604 τινας
566 3520 738 3610 ἀγροίκους
763 3528 951 3603 νεανίσκους
978 3520 1098 3590 ἀνεῖναι
1124 3516 1296 3610 γυμνοὺς,

240 3624 386 3713 κόρδακα
400 3622 624 3712 ὀρχουμένους,
644 3622 744 3714 οάρδις
758 3624 890 3709 ἔχοντας
906 3627 963 3693 καλ
980 3630 1109 3715 κέρατα,
1130 3622 1187 3692 οἶα
1203 3634 1279 3704 τοῖς

207 3750 223 3798 2
242 3722 317 3816 ἀρτι
335 3737 541 3817 γεννηθεῖσιν
559 3725 689 3817 ἐρίφοις
706 3724 906 3819 ἀποφόεται.
941 3730 998 3795 καλ
1018 3726 1076 3796 τόν
1097 3728 1157 3813 μὲν
1174 3750 1278 3814 στρα-

240 3829 390 3918 τηλάτην·
401 3828 501 3899 αίτὸν
519 3828 569 3921 ἐφ’
582 3827 730 3922 ἀρματος
748 3828 905 3915 ὀχεῖσθαι
922 3831 1122 3919 παρδάλεων
1138 3826 1279 3910 όπεζευ·
1364 3902 1365 3911 ¹

241 3938 381 4020 γμένων,
410 3929 554 4022 ἀγένειον
577 3931 734 4024 ἀκριβῶς,
763 3931 835 4002 οὐδ’
853 3933 905 4003 ἀπ’
922 3931 1032 4021 ὀλίγον
1052 3930 1111 4023 τὴν
1133 3927 1279 4020 παρειὰν
1364 3928 1365 3935 ¹

240 4042 401 4121 χνοῶντα,
428 4037 648 4127 κερασφόρον,
675 4038 833 4126 βότρυσιν
860 4036 1143 4128 ἐστεφανωμένον,
1173 4036 1279 4123 μίτρᾳ
