2748 4572
239 242 245 259 ,
331 197 396 256 Lx
420 197 788 255 σευοοεοτιετσε
810 197 902 266 1-4„
1086 185 1129 254 73

20 370 22 385 ,
92 305 133 380 τὸ
149 304 197 395 μή
215 300 290 390 ούχλ
306 303 418 374 πάντα
439 302 590 386 ἐξειπεῖν,
613 305 737 389 μᾶλλον
760 303 797 370 δὲ
818 306 955 392 κηρῦξαι
977 302 999 372 ἃ
1021 307 1129 395 πράτ-
1194 326 1196 335 “
1245 296 1250 301 ’

92 437 163 490 τεις
178 409 304 498 νύκτωρ
321 409 378 475 καὶ
395 404 472 492 μεθ’
483 403 606 496 ἡμέραν
623 407 673 475 ότι
689 409 744 475 καὶ
758 414 812 476 νύν
827 407 884 475 ἐπὶ
900 410 1040 488 πολλοῖς
1056 421 1129 490 τοῖς

92 515 173 602 πρὶν
190 509 337 591 ἐκείνοις.
363 515 475 605 καίτοι
490 509 633 594 μάταιον
650 509 733 592 ’ίσως
750 513 806 578 καὶ
823 509 978 601 περιττὸν
995 509 1029 578 ἐν
1045 536 1127 580 παι-
1145 535 1161 583 ε

95 617 191 695 δείας
202 614 295 700 νόμην
313 612 608 702 παρρησιάζεσθαι
624 611 711 703 πρὸς
729 619 782 682 σί·
801 610 878 682 οότε
895 612 957 703 γὰρ
972 610 1127 695 άναάτός

93 742 176 789 ποτε
198 719 337 803 βελτίων
359 720 467 803 γένοιο
490 714 577 804 πρὸς
596 713 654 805 τήν
673 716 880 806 ἐπιτίμησιν,
905 714 944 785 ού
965 720 1089 801 μᾶλλον
1107 714 1127 806 ἢ

93 821 264 909 κάνθαρος
275 823 521 907 μεταπεισθείη
534 815 573 887 ἀν
586 823 701 907 μηκέτι
712 827 852 889 τοιαῦτα
861 821 1022 889 κυλίνδειν
1036 816 1129 902 άπαξ

95 921 209 1003 αὐτοῖς
223 922 372 1009 συνήθης
383 921 563 1014 γενόμενος,
577 919 645 990 οὔτ’
656 919 742 992 εἶναί
753 934 827 990 τινα
834 923 956 1008 νομίζω
965 921 1022 990 τὸν
1032 919 1129 1010 ἀγνο-

96 1033 194 1099 οῦντα
212 1024 261 1093 ’ότι
279 1021 322 1092 τδι
338 1021 407 1092 ύπδ
427 1031 488 1093 σού
504 1024 699 1111 τολμώμενα
716 1029 772 1093 καὶ
789 1025 927 1115 ἀγίρων
945 1021 1129 1115 ἀνθρωπος
1229 1068 1232 1073 ·

95 1129 128 1210 ἐς
144 1126 286 1197 σεαυτὸν
303 1140 518 1217 παρανομεῖς.
556 1126 616 1213 οάχ
633 1124 740 1209 οὕτως
757 1126 920 1219 ἀσφαλῶς
943 1124 1021 1196 οάδδ
1039 1124 1129 1217 ἀφα-

94 1238 159 1311 νῶς
184 1228 346 1319 βδελυρός
371 1228 416 1298 εί·
444 1228 521 1299 ούδδ
547 1232 601 1299 δεῖ
619 1257 709 1311 τινος
729 1239 790 1299 τοῦ
817 1228 1048 1311 ἀποδύσοντος
1069 1228 1128 1319 τήν
1244 1260 1252 1273 ’

94 1337 236 1421 λεοντῆν,
257 1329 304 1411 ὥς
321 1331 464 1422 φανερὸς
481 1338 588 1420 γένοιο
606 1331 788 1422 κανθήλιος
807 1330 861 1415 ὢν,
882 1333 913 1400 εἰ
929 1333 974 1421 μή
992 1357 1045 1411 τις
1062 1328 1127 1420 ἀρα
1184 1376 1187 1383 ·

96 1438 132 1517 ἐξ
144 1434 366 1523 Ὑπερβορέων
376 1434 461 1524 ἀρτι
478 1436 526 1516 είς
538 1434 625 1525 ήμάς
636 1432 712 1526 ήκοι
724 1432 746 1524 ἢ
760 1435 793 1516 ἐς
805 1442 966 1504 τοσοῦτον
978 1445 1129 1520 Κυμαῖος
1249 1426 1254 1440 ’

16 1566 17 1599 ³
95 1540 145 1625 ε’ίη
173 1536 220 1619 ὡς
241 1537 286 1626 μή
310 1536 390 1605 ἐδών
417 1534 520 1618 εὐθὺς
543 1540 664 1608 εἰδέναι
688 1537 771 1608 όνων
794 1535 950 1607 ἀπάντων
972 1535 1128 1627 ύβριστό-

15 1672 17 1711 ι
94 1642 193 1710 τατόν
208 1666 246 1710 σε
261 1638 348 1722 όντα,
367 1639 412 1729 μὴ
427 1647 618 1730 περιμείνας
637 1640 820 1730 ὀγκωμένου
833 1646 972 1732 προσέτι
987 1638 1126 1708 ἀκούειν.

95 1740 182 1812 ούτω
201 1743 311 1811 πύλαι
331 1747 387 1810 καὶ
408 1742 475 1832 πρὸ
499 1744 579 1829 ἐμοῦ
597 1749 652 1812 καὶ
674 1745 768 1834 παρὰ
785 1752 873 1814 πᾶσι
893 1747 950 1812 καὶ
967 1742 1129 1822 πολλάκις

15 1908 16 1933 ,
92 1846 288 1935 κεκήρυκται
307 1844 350 1913 τὰ
368 1845 426 1927 σὰ,
449 1849 623 1929 καὶδόξαν
646 1846 683 1915 οά
705 1847 823 1938 μικρὰν
841 1848 925 1931 ἐ’χεις
948 1844 998 1914 ἐπ’
1015 1842 1128 1925 αὐτοῖς

14 1948 16 2045 Ι
94 1947 178 2038 ύπέρ
206 1947 264 2017 τὸν
288 1945 498 2039 Ἀριφράδην,
527 1947 611 2039 ύπέρ
637 1949 695 2019 τὸν
721 1956 905 2039 Συβαρίτην
928 1947 1125 2033 Ἡμιθέωνα,

93 2049 179 2140 ὖπὲρ
197 2049 255 2119 τὸν
272 2061 356 2118 Χῖον
374 2051 495 2118 ἐκεῖνον
512 2055 647 2120 Βάσταν
668 2053 726 2121 τὸν
748 2052 806 2120 ἐπὶ
827 2066 899 2132 τοῖς
921 2049 1052 2139 ὁμοίοις
1070 2075 1128 2119 σο-

13 2232 14 2241 ρ
94 2155 173 2245 φόν.
214 2155 327 2242 ῥητέον
351 2154 387 2221 δὲ
408 2149 511 2238 ὅμως,
537 2156 639 2222 εἶκαὶ
658 2154 745 2221 ἕωλοι
768 2155 853 2235 δόξω
876 2155 989 2239 λέγειν,
1014 2149 1060 2231 ὥς
1081 2151 1126 2239 μή

94 2257 208 2323 αἰτίαν
225 2255 332 2341 ἐχοιμι
353 2258 454 2341 μόνος
478 2253 561 2324 αύτδι
585 2254 722 2344 ἀγνοεῖν.
757 2260 882 2343 μᾶλλον
906 2256 943 2322 δέ
959 2255 1162 2344 παρακληε

92 2366 170 2438 τέος
186 2354 264 2447 ἡμῖν
279 2365 346 2427 τῶν
359 2360 548 2447 Μενάνδρου
566 2360 739 2449 προλόγων
758 2358 805 2439 είς
823 2356 1128 2446 δ’Ὲλεγχος,’φίλος

90 2458 247 2550 Ἀληθείᾳ
263 2464 319 2527 καί
337 2469 510 2551 Παρρησίᾳ
527 2461 618 2545 θεὸς,
639 2460 699 2546 οόχ
716 2460 734 2531 ό
759 2458 969 2550 ἀσημότατος
985 2467 1053 2527 τῶν
1070 2458 1128 2528 ἐπὶ

92 2562 151 2651 τὴν
172 2561 290 2651 σκηνὴν
313 2560 568 2650 ἀναβαινόντων,
596 2567 712 2650 μόνοις
733 2562 811 2650 ύμῖν
838 2563 959 2652 ἐχθρὸς
980 2576 1052 2642 τοῖς
1075 2563 1129 2629 δε-

13 2702 18 2757 3,
94 2667 188 2734 διόσι
204 2665 428 2754 τήνγλῶτταν
447 2664 560 2748 αάτού,
584 2669 695 2735 πάντα
712 2670 769 2735 καὶ
786 2667 915 2746 εἰδότος
936 2669 991 2733 καὶ
1010 2671 1128 2754 σαφῶς

13 2764 14 2771 ¹
94 2769 276 2849 διεξιόντος
290 2764 406 2837 όπόσα
424 2766 501 2854 ύμῖν
516 2763 656 2839 σύνοιδε.
682 2771 795 2860 χάριεν
809 2776 886 2855 γοῦν
898 2774 998 2836 τοῦτο
1010 2764 1127 2854 γένοιτ’

91 2868 144 2954 ἀν,
170 2870 201 2938 εἰ
224 2869 413 2959 ἐθελήσειεν
434 2869 511 2957 ύμῖν
528 2872 760 2961 προεισελθὼν
783 2864 879 2952 οὗτος
901 2871 1128 2960 διηγήσασθαι

38 3010 42 3016 ·
90 2986 165 3054 τοῖς
182 2980 326 3054 θεαταῖς
343 2973 519 3058 σύμπαντα
535 2983 596 3044 τοῦ
615 2976 782 3064 δράματος
798 2975 856 3042 τὸν
873 2975 980 3062 λόγον.

141 3073 213 3164 Ἄγε
228 3081 346 3159 τοίνυν,
371 3068 400 3144 ὦ
417 3078 590 3168 προλόγων
607 3081 663 3146 καὶ
681 3077 845 3162 δαιμόνων
864 3072 978 3165 ἀριστε
989 3073 1126 3163 Ἔλεγχε,
1176 3070 1180 3077 ’

92 3177 157 3270 δρα
168 3176 264 3259 ὅπως
272 3186 391 3268 σαφῶς
399 3181 613 3267 προδιδάξεις
625 3178 704 3260 τοὺς
718 3176 896 3259 ἀκούοντας
910 3176 956 3258 ὥς
970 3176 1008 3246 οὐ
1022 3180 1129 3266 μάτην
1213 3266 1220 3275 ¹

91 3281 172 3351 ούδὲ
190 3283 503 3371 φιλαπεχθημόνως
519 3280 760 3365 ούδῖἀνίπτοις
781 3286 864 3350 ποσὶ
886 3279 970 3348 κατὰ
987 3279 1044 3369 τήν
1061 3306 1144 3348 naa

89 3393 229 3476 ροιμίαν
247 3384 306 3453 ἐπὶ
320 3385 416 3454 τόνδε
432 3384 489 3454 τὸν
503 3384 598 3474 λόγον
612 3382 850 3474 ἀπηντήκαμεν,
872 3381 955 3455 ἀλλὰ
972 3387 1028 3452 καὶ
1041 3384 1130 3453 ἰ’διόν

88 3515 125 3557 τι
143 3486 346 3573 ἀμυνόμενοι
362 3493 418 3556 καὶ
434 3489 477 3557 τὰ
494 3488 587 3558 κοινὰ
604 3496 777 3575 μισοῦντες
794 3487 851 3557 τὸν
869 3476 1051 3579 ἀνθρωπον
1071 3487 1129 3556 ἐπὶ

47 3606 52 3611 “
86 3597 131 3682 τῇ
154 3593 325 3681 βδελυρίᾳ.
364 3599 469 3660 ταῦτα
489 3593 576 3678 μόνα
598 3590 703 3662 εἰπών
725 3596 781 3660 καὶ
803 3599 921 3681 σοφοῖς
946 3593 1129 3681 προδιηγη-

89 3695 241 3779 σάμενος
260 3695 357 3774 ἵλεως
380 3691 487 3771 ἄπιθι
509 3696 671 3779 ἐκποδὼν,
698 3695 741 3764 τὰ
764 3697 800 3763 δέ
824 3693 908 3762 ἀλλα
928 3689 1006 3782 ήμῖν
1028 3692 1130 3759 κατά·
1212 3748 1216 3763 ,

88 3799 188 3865 λιπε·
211 3798 432 3886 μιμησόμεθα
449 3801 511 3886 γάρ
531 3824 568 3868 σε
585 3802 641 3866 καὶ
658 3801 862 3885 διελέγξομεν
879 3795 921 3864 τὰ
938 3791 1063 3873 πολλὰ,
1083 3791 1129 3874 ὥς

89 3906 286 3989 παρρησίας
302 3926 339 3988 γε
356 3905 412 3969 καὶ
430 3899 592 3990 ἀληθείας
611 3901 701 3968 ἕνεκα
718 3902 819 3989 μηδὲν
838 3896 1063 3966 αἰτιάσασθαί
1080 3921 1127 3966 σε.

88 4002 177 4092 μήτε
197 4002 234 4070 δέ
252 4002 310 4090 έμέ
326 4003 413 4096 πρὸς
436 4002 556 4084 αὐτοὺς
579 4004 766 4093 ἐπαινέσῃς,
792 3994 819 4069 ὦ
843 4005 980 4092 φίλτατε
990 4000 1128 4091 Ἔλεγχε,
1254 4094 1258 4105 Ι
