2782 4574
238 196 283 264 98
515 197 520 206 ’
626 203 884 262 εοεειειοοε

235 314 296 404 τήν
312 318 392 405 περὶ
404 319 577 403 Πέργαμον
595 308 696 399 ἀρχὴν
713 313 769 377 καὶ
785 280 938 392 κατέσχεν
956 305 1107 393 εύνούχος
1121 304 1177 392 ὢν,
1196 335 1274 379 κατ.

238 424 381 508 έστρεψε
399 419 435 486 δέ
450 418 508 486 τὸν
520 421 594 504 βίον
609 412 809 502 ὀγδοήκοντα
822 410 1103 498 έτιύνγενόμενος·
1121 408 1275 493 Ἀτταλσς

235 522 275 590 δέ
293 518 311 589 δ
330 521 523 610 ἐπικληθεὶς
543 518 848 606 Φιλάδελφος-τῶν
865 520 1086 603 Περγαμηνῶν
1101 517 1159 582 καὶ
1176 505 1274 596 οὗτος

185 710 190 713 ι
234 624 431 710 βασιλεύων,
454 619 541 712 πρὸς
563 620 601 689 ὃν
621 623 675 687 καὶ
693 623 842 687 Σκιπίων
864 614 882 685 δ
904 624 971 685 τῶν
984 615 1151 702 Ῥωμαίων
1172 642 1274 707 στρα-

235 725 334 815 τηγὸς
352 723 499 815 ύφίκετο,
519 724 579 792 δύο
597 726 653 790 καλ
666 719 866 810 ὀγδοήκοντα
879 718 961 789 ἐτῶν
975 719 1105 802 ἐξέλιπε
1117 718 1176 788 τὸν
1186 726 1272 806 βίον.
1291 734 1296 739 ’

186 851 219 901 18
235 830 451 919 Μιθριδάτης
468 828 506 895 δέ
523 824 541 895 δ
556 827 684 895 Πόντου
701 822 857 910 βασιλεὺς
871 821 889 893 ὃ
903 826 1191 912 προσαγορευθείς
1203 828 1273 891 κτί-

169 920 181 943 ³
235 954 326 1019 στης,
340 928 517 1018 Ἀντίγονον
525 928 582 997 τὸν
593 930 837 1016 μονόφθαλμον
850 926 980 1015 φεύγων
993 924 1052 994 ἐπὶ
1060 925 1189 997 Πόντου
1203 924 1272 994 zu·

236 1028 372 1121 λεύτησε
385 1034 514 1119 βιώσας
527 1031 583 1118 ἐτη
595 1036 737 1118 τέτταρα
749 1034 804 1097 καί
818 1026 1026 1117 ὀγδοήκοντα,
1042 1024 1158 1117 ὥσπερ
1165 1025 1272 1115 Ἱερά-

182 1163 184 1169 ’
233 1159 336 1220 νυμος
363 1135 490 1225 λστορεῑ
513 1138 569 1202 καὶ
596 1133 692 1202 άλλοι
718 1146 928 1223 συγγραφεῖς.
960 1128 1168 1220 Ἀριαράθης
1188 1132 1225 1198 δέ
1250 1124 1271 1200 δ

235 1238 473 1305 Καππαδοκῶν
499 1236 656 1324 βασιλεὺς
683 1236 742 1304 δύο
768 1237 828 1321 μέν
852 1238 908 1302 καὶ
936 1232 1133 1322 ὀγδοήκοντα
1159 1234 1272 1322 ἔζησεν

235 1337 307 1427 ἐτη,
337 1337 382 1418 ὥς
404 1337 594 1430 Ἱερώνυμος
622 1339 760 1425 ἱστορεῖ,
788 1337 933 1426 ἐδυνήθη
961 1338 997 1404 δέ
1023 1339 1105 1415 ἰ’σως
1130 1338 1187 1403 καὶ
1213 1335 1271 1403 ἐπλ

233 1445 336 1510 πλέον
354 1443 581 1530 διαγενέσθαι,
607 1438 674 1508 ἀλλ’
692 1441 725 1509 ἐν
742 1448 782 1530 τῇ
801 1438 887 1526 πρὸς
903 1440 1084 1527 Περδίκκαν
1101 1439 1188 1527 μάχη
1207 1438 1271 1519 ζω-
1381 1494 1382 1505 ,

184 1564 217 1613 14
234 1547 372 1633 γρηθελς
390 1542 669 1630 ἀνεσκολοπίσθη.
704 1550 813 1628 Κύρος
831 1545 867 1609 δέ
886 1540 904 1609 ὃ
922 1549 1059 1630 Περσῶν
1076 1536 1269 1627 βασιλεύςδ

121 1664 125 1669 ”
206 1644 388 1728 παλαιὸς,
407 1643 456 1724 ιδς
474 1647 628 1733 δηλοῦσιν
647 1645 679 1711 ολ
693 1652 829 1733 Περσῶν
846 1641 1088 1731 καὶἈσσορίων
1105 1635 1197 1733 ιύροι,
1219 1642 1270 1723 οἷς
1381 1684 1382 1715 ι

150 1772 155 1779 ·
231 1750 289 1815 καλ
303 1746 517 1836 Ὀνησίκριτος
539 1745 558 1815 δ
580 1746 623 1814 τὰ
641 1752 720 1833 περὶ
734 1745 943 1836 Ἀλεξάνδρου
970 1746 1165 1835 συγγράψας
1187 1770 1270 1831 συμ·
1381 1740 1382 1755 ’

232 1862 357 1938 φωνεῖν
375 1852 475 1932 δοκεῖ,
494 1850 726 1937 ἑκατοντούτης
743 1851 915 1936 γενόμενος
929 1848 1035 1938 ἐζήτει
1051 1850 1111 1932 μέν
1125 1848 1181 1917 ἕνα
1195 1848 1270 1917 ἕκα-

232 1975 313 2020 στον
325 1958 391 2020 τῶν
404 1956 520 2045 φίλων,
535 1951 658 2037 μαθὼν
673 1955 709 2020 δέ
721 1952 799 2033 τοὺς
810 1956 988 2031 πλείστους
1002 1953 1267 2041 διεφθαρμένους

231 2051 301 2122 ύπδ
319 2055 499 2140 Καμβύσου
517 2063 577 2123 τού
595 2056 693 2135 υἱέος,
712 2059 769 2123 καὶ
787 2057 972 2145 φάσκοντος
984 2055 1165 2140 Καμβύσου
1183 2051 1267 2124 κατὰ

231 2159 431 2246 πρόσταγμα
447 2156 485 2226 τὸ
504 2156 627 2226 ἐκείνου
645 2165 751 2227 ταῦτα
764 2164 990 2246 πεποιηκέναι,
1009 2156 1048 2225 τδ
1062 2163 1122 2243 μέν
1134 2185 1169 2225 τι
1181 2156 1268 2246 πρὸς

231 2259 290 2347 τὴν
307 2258 463 2347 ὠμότητα
479 2268 540 2328 τού
559 2261 634 2328 υλοῦ
653 2262 861 2349 διαβληθείς,
884 2260 923 2329 τδ
943 2261 981 2328 δέ
996 2286 1030 2327 τι
1053 2257 1099 2339 ιύς
1120 2284 1268 2350 παρανσ·
1382 2344 1383 2349 ¹

231 2370 356 2447 μοῦντα
374 2361 474 2432 αὑτὸν
493 2364 727 2448 αἰτιασάμενος
744 2362 924 2451 ἀθυμήσας
942 2362 1094 2430 ἐτελεύτα
1110 2360 1168 2430 τὸν
1178 2367 1287 2455 βίον.ι

181 2458 218 2534 15>
228 2461 437 2553 Ἀρταξέρξης
455 2462 473 2532 δ
491 2466 644 2554 Μνήμων
654 2464 860 2553 ἐπικληθεὶς,
882 2462 932 2556 ἐφ’
950 2464 987 2533 δν
1004 2462 1148 2551 Κύροςδ
1167 2461 1266 2532 άδελρ

230 2565 297 2656 φδς
309 2566 559 2656 ἐστρατεύσατο,
573 2568 758 2653 βασιλεύων
773 2567 806 2635 ἐν
819 2573 964 2656 Πέρσαις
978 2567 1165 2658 ἐτελεύτησε
1175 2569 1266 2656 νόσιρ

170 2678 175 2687 “
229 2671 268 2752 ἓξ
282 2673 338 2736 καλ
356 2667 556 2756 ὀγδοήκοντα
574 2670 655 2738 ἐτῶν
671 2671 852 2758 γενόμενος,
872 2667 919 2750 ὥς
937 2670 973 2738 δὲ
987 2675 1111 2739 Δείνων
1129 2670 1264 2757 ἱστορεῖ,
1382 2666 1383 2701 ³

228 2772 395 2858 τεττάρων
412 2774 467 2838 καλ
485 2771 681 2861 ἐνενήκοντα.
706 2770 914 2863 Ἀρταξέρξης
928 2773 1037 2862 ἐτερος
1049 2782 1186 2863 Περσῶν
1202 2781 1267 2860 βα-
1382 2790 1383 2793 ’

117 2873 121 2878 ’
228 2872 355 2955 σιλεδς,
380 2870 417 2941 δν
434 2899 536 2963 φησιν
554 2876 695 2945 ἐπὶτῶν
712 2883 865 2965 πατέρων
881 2883 948 2944 τῶν
967 2879 1085 2944 ἑαυτοῦ
1099 2875 1267 2966 Ἰσίδωρος

229 2972 249 3042 δ
266 2975 461 3064 Χαρακηνὸς
478 2978 685 3069 συγγραφεύς
701 2982 897 3067 βασιλεύειν,
918 2979 973 3068 ἐτη
987 2986 1067 3067 τρία
1084 2981 1139 3046 καλ
1157 2979 1266 3068 ἐνενή-

227 3101 326 3145 κοντα
342 3078 438 3163 βιοὺς
456 3079 616 3171 ἐπιβουλῇ
633 3079 801 3172 τάδελφοῦ
819 3089 998 3170 Γωσίθρου
1018 3081 1264 3171 ἐδολοφονήθη.

227 3184 501 3271 Σινατρσκλήςδλ
518 3181 537 3253 ὃ
554 3193 761 3274 Παρθυαίων
777 3184 932 3271 βασιλεὺς
950 3185 1023 3264 &og
1045 3181 1266 3274 ὀγδοηκοστὸν

100 3321 106 3333 ·
226 3280 290 3371 ἤδη
312 3284 454 3371 γεγονὼς
475 3284 542 3355 ύπδ
559 3290 782 3377 Σακαυράκων
799 3295 941 3357 Σκυθῶν
963 3290 1143 3371 καταχθεὶς
1162 3295 1265 3374 βασι·
1382 3326 1383 3341 1

226 3387 334 3455 λούειν
350 3386 471 3477 ήρξατο
488 3394 545 3458 καλ
563 3391 772 3479 ἐβασίλευσεν
794 3391 849 3479 ἐτη
873 3390 968 3460 ἑπτά.
1008 3389 1166 3478 Τιγράνης
1188 3385 1264 3458 ύέά
1382 3410 1383 3439 ¹

224 3484 397 3576 Ἀρμενίων
409 3491 574 3579 βασιλεὺς,
589 3492 675 3580 πρὸς
689 3493 940 3574 ὃνΛεύκσυλλσς
954 3493 1148 3582 ἐπολέμησε,
1164 3498 1266 3561 πέντε
1382 3506 1383 3531 ³

177 3613 209 3664 ιε
226 3596 282 3661 καί
299 3590 499 3686 ὀγδοήκοντα
518 3595 600 3664 ἐτῶν
618 3595 769 3663 ἐτελεύτα
786 3597 885 3687 νόσφ.
912 3602 1083 3684 Σπασίνης
1101 3596 1138 3663 δλ
1155 3592 1265 3663 δΧά·

205 3694 207 3701 ’
225 3724 327 3788 ρυκσς
347 3702 403 3766 καλ
424 3705 491 3767 τῶν
507 3695 581 3766 κατ’
597 3695 760 3787 Ἐρυθρὰν
777 3702 891 3769 τύπων
906 3698 1064 3785 βασιλεὺς
1085 3705 1184 3768 πέντε
1205 3699 1266 3765 καλ

228 3800 428 3892 ὀγδοήκοντα
445 3802 527 3871 ἐτῶν
544 3804 687 3892 νοσήσας
706 3803 902 3893 ἐτελεύτησε.
942 3811 1075 3894 Τίραιος
1093 3803 1130 3870 δέ
1143 3798 1161 3869 δ
1175 3797 1265 3887 μετὰ

200 3913 399 3995 ,Σπασίνην
423 3913 534 3996 τρίτος
558 3908 760 3992 βασιλεύσας
787 3909 852 3975 δύο
874 3910 930 3976 καλ
957 3905 1145 3994 ἐνενήκοντα
1164 3901 1265 3990 βιούς

11 4008 18 4026 ’
128 4092 134 4109 ¹
226 4007 379 4077 ἐτελεύτα
399 4010 498 4099 νύσφ.
530 4002 824 4100 Ἀρεάβαζσςδλδ
850 4008 935 4097 μετδι
960 4016 1092 4100 Τίραιον
1118 4008 1264 4095 ἕβδομος
