2792 4580
118 192 130 230 ’
219 201 281 267 192
606 210 861 267 εοειωευαε

216 324 313 407 τιμία
330 325 436 387 πᾶσιν
452 315 537 386 έστω
553 317 610 383 καὶ
628 317 761 396 δούλοις
777 319 834 386 καὶ
852 315 1041 402 ἐλευθέροις
1058 315 1116 381 καλ
1131 316 1260 404 πένησι,

216 426 273 490 καὶ
291 424 475 500 πλουσίοις.
512 417 706 505 ὀργίζεσθαι
727 416 748 507 ἢ
771 416 960 506 ἀγανακτεῖν
982 415 1003 506 ἢ
1022 414 1171 489 ἀπειλεῖν
1188 444 1255 504 μη-

178 550 181 563 ·
217 527 288 592 όενὶ
311 524 441 606 ἐξέστω.
477 520 655 610 λογισμοὺς
676 519 770 610 παρὰ
792 529 857 588 τῶν
880 521 1142 605 ἐπιμελουμένων
1164 531 1254 608 Κρο-

198 634 303 707 ’νίοις
320 627 508 710 λαμβάνειν,
527 627 611 714 μηδὲ
627 631 726 692 τοῶτυ
745 623 875 706 ἐξέστω.
903 625 1018 711 μηδεὶς
1034 620 1092 690 τὸν
1110 618 1253 710 ἀργυρον

218 728 239 820 ἢ
261 727 320 817 τὴν
342 728 470 817 ἐσθῆτα
494 728 666 811 ἐξεταζέτω
689 729 774 814 μηδὲ
795 724 1010 816 ἀναγραφέτω
1034 724 1067 794 έν
1092 732 1133 813 τῇ
1156 724 1254 815 ἑορτῇ

218 834 301 920 μηδέ
318 832 535 918 γυμναζέσθω
549 837 702 920 Κρονίοις
720 831 803 919 μηδὲ
820 831 937 917 λόγους
956 826 1067 896 ἀσκεῖν
1085 825 1106 915 ἢ
1126 827 1255 899 ἐπιδεέ-

207 936 375 1026 ’κνυσθαω
399 931 485 1020 πλὴν
503 934 536 1000 εἰ
550 960 635 1014 τινες
654 931 783 1001 ἀστεῖοι
800 936 856 1000 καὶ
876 933 1017 1021 φαιδροὶ
1039 937 1180 1016 σκῶμμα
1196 934 1255 998 καὶ

218 1034 360 1105 παιδιὰν
379 1035 603 1125 ἐμφαίνοντες.

505 1162 512 1170 ’
597 1167 701 1210 καιτοι
719 1164 877 1208 Ammon
934 1222 937 1231 k
1031 1206 1045 1221 x
1166 1208 1171 1217 ,

104 1279 107 1285 =
169 1256 203 1313 ιε’
271 1240 341 1331 Πρὸ
361 1245 487 1310 πολλοῦ
504 1251 562 1331 τῆς
581 1243 694 1332 ἑορτῆς
713 1244 746 1311 οἱ
759 1244 917 1311 πλούσιοι
934 1243 1128 1331 γραφόντων
1145 1243 1204 1327 μἐν
1219 1241 1255 1323 ές

219 1346 373 1412 πινάκιον
399 1344 537 1414 ἑκάστου
565 1354 631 1415 τῶν
653 1350 759 1435 φίλων
785 1342 944 1429 τσάνομα,
974 1344 1112 1428 ἐχόντων
1139 1346 1176 1412 άέ
1197 1348 1256 1412 καὶ

151 1452 155 1459 ’
221 1442 374 1537 ἀργύριον
397 1449 528 1534 ἕτοιμον
549 1446 629 1517 ὅσον
650 1457 717 1517 τῶν
735 1447 802 1516 κατ’
820 1448 892 1527 ἔτος
914 1448 1120 1536 προσιόντων
1142 1445 1180 1514 τὸ
1199 1448 1256 1515 δέ·
1315 1507 1320 1512 .

219 1576 317 1618 κατου
334 1554 389 1617 καὶ
407 1552 536 1639 ἐσθῆτα
552 1560 611 1641 τῆς
629 1549 729 1640 οάσης
746 1551 804 1641 τὴν
821 1549 976 1640 περιττὴν
993 1553 1049 1618 καὶ
1067 1547 1128 1638 άση
1147 1577 1256 1634 παχυ-
1311 1584 1314 1591 ’

102 1647 107 1655 ’
161 1668 167 1687 ’
218 1659 298 1741 τέρα
311 1651 333 1741 ἢ
346 1652 413 1720 κατ’
428 1653 548 1733 αὐτοὺς
561 1654 750 1743 κατασκευὴ,
766 1658 899 1722 καὶτῶν
914 1651 1061 1742 ἀργυρῶν
1076 1650 1134 1721 οάκ
1147 1650 1254 1741 ἀλίγα.

217 1763 324 1823 ταῦτα
341 1757 400 1840 μὲν
417 1756 578 1843 πρόχειρα
597 1757 692 1825 έστω.
719 1764 759 1846 τῇ
779 1758 815 1824 δὲ
832 1755 898 1842 πρὸ
916 1764 975 1844 τῆς
992 1756 1106 1844 ἑορτῆς
1123 1756 1256 1844 καθάρ-

220 1882 293 1925 σιον
310 1864 369 1942 μέν
386 1886 420 1926 τι
437 1866 675 1948 περιφερέσθω
699 1863 754 1927 καί
771 1858 828 1927 ὑπ’
845 1857 951 1927 αότῶν
974 1858 1199 1940 ἰξελαυνέσθω
1219 1857 1256 1925 ἐκ

219 1967 278 2048 τῆς
296 1960 401 2040 οἰκίας
418 1965 611 2049 μικρολογία
628 1965 683 2029 καὶ
702 1966 901 2052 φιλαργυρία
919 1964 974 2028 καί
992 1962 1185 2050 φιλοκερὸία
1197 1964 1256 2028 καὶ

221 2061 285 2132 ὅσα
303 2071 441 2131 τοιαῦτα
459 2063 544 2131 ἀλλα
562 2066 699 2133 σόνσικα
720 2079 791 2144 τοῖς
812 2067 983 2144 πλείστοις
1006 2060 1123 2130 αὐτῶν.
1160 2062 1255 2131 ἒπει-

150 2172 155 2181 ’
221 2165 281 2233 όάν
304 2168 340 2234 δὲ
360 2166 513 2255 καθαρὰν
534 2167 592 2257 τὴν
615 2169 720 2236 οἰκίαν
742 2166 993 2253 ἰξεργάσωνται,
1021 2167 1173 2233 θυόντων
1196 2169 1256 2234 Διὶ

158 2350 162 2359 ¹
220 2271 427 2358 πλουτοδότγγ
445 2268 608 2359 καίἘρμῇ
624 2271 746 2356 δῶτορι
758 2273 814 2336 καὶ
824 2266 1003 2337 Ἀπόλλωνι
1019 2269 1254 2357 μεγαλοδῶρῳ.

222 2367 293 2438 εἶτα
318 2375 397 2457 περὶ
420 2374 530 2460 δείλην
555 2370 659 2458 ὀψίαν
686 2370 982 2460 ἀναγιγνωσκέσθω
1008 2371 1067 2455 μέν
1094 2377 1192 2460 σφίσι
1213 2370 1255 2439 τὸ

172 2494 203 2542 15
223 2471 353 2562 φιλικὸν
380 2473 482 2561 έκεῖνο
513 2476 681 2556 πινάκιον,
716 2480 966 2558 κατανείμαντος
994 2475 1039 2543 δέ,
1060 2471 1157 2541 αάτοί
1182 2470 1281 2541 κατ”

222 2573 317 2656 ἀξίαν
340 2575 466 2662 ἑκάστῳ
490 2581 569 2665 πρὶν
591 2575 682 2665 ἥλιον
702 2579 797 2645 δῦναι
818 2577 1018 2660 πεμπόντων
1040 2590 1111 2656 τοῖς
1129 2580 1256 2665 φίλοις.

222 2679 256 2744 οἰ
282 2680 318 2746 δέ
341 2676 595 2763 ἀποκομίζοντες
616 2679 661 2769 μὴ
684 2682 820 2759 πλείους
840 2685 941 2765 τριῶν
967 2675 988 2766 ἢ
1013 2679 1191 2767 τεττάρων,
1221 2680 1258 2747 οἰ

222 2783 420 2851 πιστότατοι
442 2789 507 2848 τῶν
530 2784 676 2862 οἰκετῶν,
704 2780 766 2869 ἤδη
789 2788 982 2868 πρεσβῦται.
1024 2780 1254 2870 ἰγγραψάσθω

223 2884 259 2950 δὲ
282 2883 314 2961 ἀς
336 2891 541 2969 γραμμάτιον
564 2882 584 2952 ὅ
604 2910 638 2951 τι
659 2882 697 2951 τὸ
720 2886 934 2969 πεμπόμενον
955 2887 1010 2950 καί
1033 2880 1120 2965 ὅσον,
1145 2882 1191 2963 ῶς
1207 2882 1256 2973 μὴ

221 2983 407 3073 ἀμφότεροι
424 2984 644 3054 ὑποπτεύοιτο
661 2985 739 3067 τοὺς
757 2988 1015 3074 όιακομίζοντας.
1052 2983 1147 3053 αάτοί
1166 2988 1202 3054 δέ
1221 2989 1258 3056 οἱ

223 3087 347 3155 οἰκέται
360 3094 438 3171 μίαν
452 3090 567 3157 κόλικα
581 3089 717 3169 ἕκαστος
730 3092 865 3168 πιόντες
875 3087 1133 3178 ἀποτρεχόντων,
1149 3086 1257 3159 ἀπαι-

221 3191 363 3258 τοόντων
381 3193 418 3257 δὲ
434 3194 534 3279 μηδὲν
553 3195 663 3260 πλέον.
699 3206 771 3272 τοῖς
788 3193 1066 3275 πεπαιδευμένοις
1089 3193 1256 3261 άιπλάσια

222 3294 331 3360 πάντα
349 3300 556 3377 πεμπέσθω·
575 3292 666 3376 ἀξιον
684 3294 747 3384 γὰρ
766 3297 954 3382 διμοιρίτας
968 3292 1061 3363 εἶναι.
1092 3294 1136 3363 τὰ
1151 3293 1182 3362 δ’
1196 3295 1257 3363 έπί

221 3408 292 3473 τοῖς
311 3396 433 3483 ἀώροις
451 3399 608 3483 λεγόμενα
626 3396 672 3476 ῶς
689 3400 898 3486 μετριώτατα
915 3402 971 3465 καὶ
989 3395 1138 3484 ὀλίγιστα
1151 3397 1254 3466 έστω·

222 3496 370 3580 ἐπαχθές
389 3500 424 3565 δὲ
441 3501 556 3588 μηδείς
572 3500 672 3586 μηδὲν
691 3505 967 3570 συνεπιστελλέτω
980 3502 1063 3589 μηδὲ
1077 3498 1254 3569 ἐπαινείτω
1306 3562 1311 3567 .

221 3599 264 3667 τὰ
282 3602 489 3686 πεμπόμενα.
525 3603 686 3682 πλοόσιος
703 3606 855 3692 πλουσίῳ
873 3606 974 3694 μηδὲν
991 3608 1152 3689 πεμπέτω
1170 3603 1256 3691 μηδὲ

199 3703 364 3771 4έστιάτω
387 3710 539 3792 Κρονίοις
563 3702 580 3771 ό
608 3706 769 3786 πλούσιος
790 3706 848 3775 τὸν
872 3707 1030 3791 ἰσότιμον.
1070 3713 1136 3773 τῶν
1160 3704 1193 3785 ἒς
1214 3702 1254 3772 τὸ

222 3814 422 3896 πεμφθῆναι
452 3814 753 3894 προχειρισθέντων
785 3812 1011 3899 φυλαττέσθω
1038 3810 1140 3898 μηδὲν
1170 3807 1255 3896 μηδὲ

222 3913 381 3994 μετάνοια
404 3912 515 3979 εἰσίτω
540 3913 597 3980 ἐπὶ
618 3922 657 4002 τῇ
681 3916 798 4005 δωρεᾷ.
840 3916 873 3982 εἰ
891 3941 945 3994 τις.
964 3919 1103 4003 πέρυσιν
1125 3910 1254 3999 ἀποδρ-

221 4019 295 4096 μῶν
317 4011 357 4082 δι’
374 4011 455 4083 αάτὸ
478 4014 618 4105 ἀμοιρος
639 4023 792 4106 κατέστη,
822 4016 1083 4105 ἀπολαμβανέτω
1110 4012 1251 4083 κάκεῖνα.
