2792 4580
243 208 331 289 '222
650 228 906 288 οστκιοαου

261 362 321 406 τσο
306 337 427 426 ἱροῦ,
450 338 506 403 καὶ
527 330 691 404 πολλοὶ”
668 358 821 422 ηκουσαν.
857 337 911 402 ναὶ
932 332 996 423 μὴν
1017 336 1074 401 καὶ
1096 331 1196 420 όλβου
1214 332 1368 427 πέρι

263 439 298 508 ἐν
314 452 405 508 τοῖσι
421 435 486 526 έγώ
505 435 580 506 οἶδα
598 438 731 528 πρῶτόν
750 436 834 505 έστι·
856 435 1019 505 πολλὰ
982 461 1045 526 γαρ
1063 433 1196 506 αὐτοῖσι
1213 437 1294 507 άπι·

262 547 389 610 κνέεται
403 541 556 631 χρήματα
578 539 613 607 έκ
634 565 670 608 τε
684 536 912 628 Αραβίηκαὶς
931 545 1090 611 Φοινίκων
1110 542 1166 607 καὶ
1182 547 1292 628 Βαβυ·

262 646 343 712 λωνί
330 649 388 711 ίων
413 645 469 710 καὶ
495 639 579 711 ἀλλα
606 642 641 710 έκ
665 642 871 711 Καππαδοκί
858 648 923 729 ίης,
951 639 993 709 τά
1020 642 1057 709 δέ
1082 638 1209 710 καὶί
1164 645 1295 725 Κίλικες

262 751 413 836 φέρουσι,
432 743 475 815 τὰ
493 742 716 833 δὲίέσσόριοι.
743 740 832 812 εἱδον
850 745 887 812 δὲ
904 743 967 831 ἐγὼ
985 743 1101 812 καὶτὰ
1120 743 1214 833 έντῷ
1226 748 1294 834 νηῷ

262 850 374 939 λάθρη
393 836 579 929 ἀποκέέιαι,
600 847 730 936 ἐσθῆτα
746 845 872 935 πολλὴν
888 850 945 914 καί
962 844 1046 931 ἀλλα
1064 844 1169 915 ὁκόσα
1187 846 1221 927 ές
1234 844 1295 937 ἀρ-

262 976 360 1038 γυρον
377 948 399 1041 ἢ
418 950 451 1029 ές
465 948 587 1038 χρυσὸν
605 946 834 1039 ἀποκέκριται·
854 945 950 1038 ὁρταὶ
966 950 1025 1033 μὲν
1042 947 1104 1039 γάρ
1117 953 1174 1016 καὶ
1186 976 1295 1038 πανη-

222 1078 233 1089 “
263 1054 357 1143 γόρις
385 1049 565 1138 οὐδαμοῖσι
590 1048 722 1121 ἀλλοισι
750 1049 940 1138 ἀνθρώπων
955 1052 1105 1142 ,τοσαίδε
1131 1048 1296 1120 ἀποδεδέ-

212 1178 244 1226 11
260 1181 370 1239 χαται.
399 1156 580 1243 ἱστορέοντι
598 1156 636 1222 δέ
651 1180 710 1240 μοι
728 1153 826 1222 έτέων
844 1159 932 1241 πέρι,
952 1150 1056 1220 ὁκόσα
1072 1160 1120 1241 τῷ
1135 1155 1195 1244 ἱρῷ
1210 1153 1295 1237 έστι,

262 1261 318 1325 καὶ
339 1255 397 1345 τὴν
418 1256 501 1326 θεὸν
524 1254 620 1324 αὐτοὶ
641 1253 753 1345 ἥντινα
777 1259 941 1337 δοκέουσι,
965 1258 1083 1323 πολλοὶ
1107 1257 1201 1344 λόγοι
1223 1256 1298 1324 έλέ-

262 1383 372 1447 γοντο,
391 1365 457 1427 τῶν
475 1360 583 1444 οἱμὲν
603 1359 682 1448 ἱροὶ,
706 1360 740 1427 οἱ
758 1360 794 1427 δὲ
811 1358 984 1447 ἐμφανέες,
1005 1359 1038 1425 οἱ
1056 1359 1092 1425 δέ
1110 1359 1214 1445 κάρτα
1232 1386 1298 1444 μυ-

235 1502 239 1508 -
262 1462 401 1543 θοόδεες,
421 1464 476 1528 καὶ
494 1458 589 1530 ἀλλον
606 1462 779 1552 βάρβαροι,
800 1461 833 1529 οἱ
850 1463 908 1546 μὲν
921 1472 1012 1528 τοῖσι
1022 1455 1154 1548 Ἕλλησι
1172 1458 1297 1546 ὁμολο-

262 1570 403 1652 γέοντες,
422 1563 501 1644 τοὺς
518 1562 581 1651 ἐγὼ
600 1564 734 1642 πάντας.
743 1564 803 1649 μέν
821 1562 916 1650 ἐρέω,
940 1564 1076 1647 δέκομαι
1095 1563 1132 1629 δέ
1150 1560 1296 1649 οὐδαμά.

212 1687 245 1737 12
263 1667 297 1734 οἱ
313 1669 372 1751 μὲν
391 1656 437 1733 τόν
453 1669 575 1755 πολλοὶ
588 1668 798 1734 Δευκαλίωνα
816 1663 872 1732 τόν
884 1670 1036 1733 Σισυθία
1053 1664 1092 1733 τὸ
1113 1664 1183 1751 ἱρὸν
1201 1666 1299 1734 εἱσα-

264 1775 351 1838 σδαι
367 1772 509 1855 λέγουσι,
528 1774 645 1836 τοῦτον
658 1769 877 1848 Δευκαλίωνα,
898 1764 949 1834 ἐπ’
962 1757 1000 1833 οὐ
1012 1765 1052 1834 τὸ
1066 1766 1190 1836 πολλὸν
1203 1764 1297 1857 ὐδωρ

239 1868 398 1958 ,ἐγένετο
433 1873 659 1955 Δευκαλίωνος
681 1872 718 1937 δέ
739 1876 818 1959 πέρι
836 1871 932 1957 λόγον
955 1868 988 1936 έν
1002 1864 1135 1957 Ἕλλησι
1157 1866 1297 1959 ἤκουσα,

261 1972 319 2041 τὸν
330 1969 479 2061 Ἕλληνες
498 1968 548 2040 ἐπ’
561 1969 650 2061 αὐτῷ
669 1976 810 2060 λέγουσι.
838 1969 855 2039 ό
876 1972 912 2038 δὲ
928 1970 1040 2056 μῦθός
1054 1963 1119 2039 ὦδε
1133 1972 1214 2056 ἔχει·
1235 1969 1297 2063 ἥδε

261 2073 283 2163 ἡ
295 2075 396 2163 γενεὴ,
413 2076 446 2143 οἱ
457 2082 513 2143 νόν
527 2072 714 2163 ἀνδρωποι,
735 2072 772 2142 οὐ
788 2081 918 2159 πρῶτοι
932 2073 1087 2162 ἐγένοντο,
1107 2071 1176 2141 ἀλλ’
1189 2075 1295 2164 ἐκείνη

238 2179 320 2276 ,μέν
337 2176 357 2266 ἦ
375 2177 465 2266 γενεὴ
484 2179 606 2257 πάντες
624 2174 757 2259 ὤλοντο,
778 2166 871 2243 αὐτοι
890 2177 926 2243 δὲ
944 2182 1054 2264 γένεος
1065 2183 1124 2244 τοῦ
1139 2178 1296 2265 δευτέρου
1371 2242 1372 2245 ,

262 2281 336 2362 εἰσὶ,
355 2280 395 2348 τὸ
414 2272 508 2360 αὐτος
526 2280 560 2347 ἐκ
577 2283 802 2359 Δευκαλίωνος
820 2276 854 2358 ές
871 2278 1005 2366 πληθὺν
1023 2277 1170 2348 ἀπίκετο.
1209 2279 1296 2349 έκεί-

261 2410 324 2451 νων
347 2385 384 2452 δέ
405 2390 483 2474 πέρι
503 2391 570 2452 τῶν
592 2381 783 2470 ἀνθρώπων
805 2383 887 2450 τάδε
908 2388 1102 2468 μυθέονται.
1136 2380 1297 2473 ὐβρισταὶ

123 2532 131 2539 -
260 2486 366 2572 κάρτα
388 2485 495 2565 έόντες
518 2484 687 2570 ἀθέμιστα
705 2484 985 2574 ἐ’ργαέπρησσον·
1014 2483 1089 2554 οὐτε
1111 2484 1172 2574 γὰρ
1196 2482 1296 2572 ὅρκια

263 2586 451 2677 ἐφύλασσον
469 2585 545 2656 οὐτε
564 2590 687 2669 ξείνους
706 2586 853 2655 ἐδέκοντο
873 2585 949 2656 οὐτε
969 2588 1096 2656 ἱκετέων
1113 2585 1294 2676 ἠνείχοντο,

262 2686 328 2758 ἀντ’
341 2681 385 2759 ὧν
404 2687 538 2780 σφίσιῆ
561 2689 684 2778 μεγάλη
708 2686 862 2778 συμφορὴ
885 2686 1031 2760 ἀπίκετο.
1068 2687 1186 2758 αὐτίκα
1207 2688 1230 2779 ἡ
1254 2697 1296 2779 γῆ

261 2790 385 2861 πολλὸν
402 2789 492 2880 όδωρ
511 2791 637 2861 ἐκδιδοῖ
653 2795 709 2859 καὶ
727 2789 846 2879 όμβροι
863 2793 1003 2880 μεγάλοι
1020 2792 1166 2881 έγένοντο
1184 2797 1244 2861 καὶ
1262 2794 1297 2863 οἱ

261 2896 409 2979 ποταμοὶ
431 2899 611 2982 κατέβησαν
632 2895 765 2979 μέζονες
785 2895 841 2960 καὶ
863 2892 883 2981 ἡ
901 2895 1062 2963 θάλασσα
1085 2895 1142 2963 ἐπὶ
1164 2895 1295 2965 πολλὸν

175 3024 179 3033 ·
262 2992 375 3084 ἀνέβη,
404 2997 477 3065 ἕστε
502 2998 612 3065 πάντα
637 2992 727 3086 ὕδωρ
755 2995 899 3084 έγένοντο
925 3000 981 3064 καὶ
1002 2998 1124 3077 πάντες
1153 2995 1293 3069 ἀν’λσντο.

261 3101 447 3167 Δευκαλίων
465 3101 501 3168 δέ
517 3105 638 3185 μοῦνος
661 3096 851 3188 ἀνθρώπων
866 3097 1013 3167 ἐλείπετο
1030 3098 1063 3181 ές
1083 3099 1193 3187 γενεὴν
1216 3103 1295 3169 δευ-

259 3206 354 3291 τέρην
376 3199 547 3291 εὐβουλίης
567 3227 604 3270 τε
630 3204 687 3269 καὶ
711 3209 771 3270 τοῦ
799 3198 951 3287 εὐσεβέος
977 3202 1103 3271 εἵνεκεν.
1148 3199 1168 3290 ἡ
1197 3204 1236 3270 δέ
1259 3202 1294 3271 οἱ

260 3302 404 3395 σωτηρίη
421 3302 480 3395 ἥδε
503 3305 642 3394 ἐγένετο·
670 3304 812 3395 λάρνακα
834 3304 986 3392 μεγάλην,
1009 3304 1067 3393 τὴν
1089 3300 1189 3384 αὐτὸς
1212 3302 1290 3388 εἶχε,
1343 3328 1346 3335 ’

261 3407 295 3489 ές
319 3408 441 3496 ταύτην
468 3407 648 3496 ίσβιβάσας
679 3407 805 3486 παῖδάς
834 3433 871 3474 τε
897 3410 952 3474 καὶ
982 3419 1137 3495 γυναῖκας
1163 3405 1291 3475 ἱωυτού

261 3510 373 3600 έσέβη·
400 3509 584 3597 ἐσβαίνοντι
610 3512 648 3578 δέ
675 3510 708 3578 οἱ
734 3508 892 3578 ἀπίκοντο
920 3510 996 3590 σόις
1021 3512 1077 3577 καὶ
1103 3510 1209 3577 ἵπποι
1233 3510 1292 3576 καὶ

259 3615 399 3683 λεόντων
415 3619 508 3702 γένεα
529 3617 586 3682 καὶ
604 3611 684 3703 όφις
705 3616 760 3680 καὶ
783 3611 868 3681 ἀλλα
886 3611 989 3681 ὁκόσα
1011 3611 1043 3682 έν
1064 3619 1105 3703 γῇ
1123 3618 1288 3698 νέμονται,

259 3717 369 3786 πάντα
387 3716 421 3798 ές
439 3718 561 3806 ζεόγεα.
598 3714 616 3786 ό
635 3718 672 3785 δὲ
688 3717 799 3785 πάντα
817 3715 959 3799 έδέκετο,
984 3721 1041 3783 καί
1060 3743 1118 3802 μιν
1141 3712 1201 3783 οὐκ
1220 3714 1291 3782 ἀσί-

259 3844 365 3903 νοντο,
390 3817 474 3888 ἀλλά
493 3842 592 3909 σφισι
608 3821 732 3909 μεγάλη
756 3819 873 3889 διόθεν
890 3822 984 3909 φιλίη
1008 3818 1144 3906 ἐγένετο.
1159 3856 1163 3865 ·
1181 3820 1236 3885 καὶ
1253 3813 1291 3883 δν

259 3929 319 4011 μιῇ
342 3922 477 4012 λάρνακι
499 3924 621 4004 πάντες
642 3922 805 4005 ἔπλωσαν,
830 3924 904 3991 ἕστο
924 3920 963 3989 ’τὸ
986 3916 1076 4011 ὐδωρ
1099 3916 1288 4009 ἐπεκράτεε.

210 4044 243 4097 ιε
259 4020 302 4092 ’τά
317 4025 376 4111 μέν
388 4028 613 4106 Δευκαλίωνος
629 4030 708 4117 πέρι
717 4022 866 4116 Ἓλληνες
884 4025 1079 4116 ἱστορέουσι.
1104 4022 1144 4091 τὸ
1162 4024 1200 4091 δὶ
1216 4016 1290 4089 ἀπὸ
