2782 4574
161 228 167 233 ’
229 240 365 299 vam
392 242 492 298 nm
513 222 874 302 :mmmm
892 191 1012 305 δο-ευ.
1077 235 1139 301 167

108 345 390 435 ἀποθνήσκοντας.
420 343 555 416 ἀκούετε
569 348 615 429 δὲ,
629 344 738 434 οἶμαι,
760 346 806 430 ὥς
823 354 879 418 καί
891 350 998 419 πάλαι
1012 352 1140 422 ἐθέλων

106 476 155 531 τις
175 449 307 535 ἔνδοξος
328 455 501 536 γενέσθαι,
529 448 605 518 ἐπεὶ
621 448 689 518 κατ’
707 448 806 521 ἀλλον
826 454 953 543 τρόπον
976 451 1034 522 ούκ
1056 453 1139 541 εἶχεν

106 554 271 635 δπιτυχεῖν
290 551 426 635 τούτου,
451 552 608 643 ἐνέπρησε
629 560 688 643 τῆς
706 551 860 645 Ἐφεσίας
874 553 1061 644 Ἀρτέμιδος
1081 557 1140 627 τὸν

106 657 196 726 νεάν.
231 655 384 725 τοιοῦτόν
399 682 434 723 τι
451 658 507 724 καὶ
524 652 624 736 αότὸς
642 656 781 741 δπινοεῖ,
803 666 964 740 τοσοῦτος
982 660 1064 749 έρως
1081 668 1139 750 τῆς

108 760 203 848 δόξης
226 759 388 846 ἀντέτηκεν
411 755 511 847 αύτῷ.
554 766 664 828 καίτοι
688 764 791 850 φησίν
811 758 866 830 ὅτι
888 760 972 852 ύπδρ
994 770 1060 831 τῶν
1083 761 1138 833 ἀν·
1156 785 1190 835 κε
1275 824 1283 838 .

107 864 258 952 θρώπων
274 858 355 947 αάτδ
375 862 450 951 δρᾷ,
475 858 522 942 ὥς
539 863 701 946 διδάξειεν
723 863 843 946 αύτούς
863 866 1013 934 θανάτου
1036 892 1139 934 κατα-

107 978 239 1056 φρονεῖν
260 967 317 1033 καὶ
336 964 540 1055 δηκαρτερεῖν
560 978 633 1046 τοῖς
655 967 785 1049 δεινοῖς.
822 966 885 1056 ένιδ
909 970 946 1037 δέ
970 965 1076 1058 ῆόέως
1097 966 1138 1038 ἀν

107 1070 239 1158 ἐροίμην
266 1064 325 1137 ούκ
346 1068 476 1149 ἐκεῖνον,
501 1066 570 1136 ἀλλ’
584 1065 684 1154 ἀμᾶς,
713 1071 743 1138 εδ
764 1068 918 1151 καὶτοὺς
939 1072 1139 1161 κακούργους

105 1171 289 1257 βούλοισθε
315 1168 356 1239 ἀν
381 1170 538 1260 μαθητὰς
564 1169 665 1241 αύτού
691 1179 850 1260 γενέσθαι
879 1181 937 1261 τῆς
966 1181 1139 1265 καρτερίας

105 1275 226 1363 ταύτης
245 1277 308 1343 καί
333 1270 551 1364 καταφρόνεῖν
577 1275 727 1343 θανάτου
749 1278 805 1342 καί
826 1275 973 1355 καύσεως
993 1280 1050 1344 καὶ
1071 1284 1138 1351 τῶν

105 1378 263 1447 τοιούτων
282 1378 456 1461 δειμάτων.
477 1374 557 1445 ’ἀλλ’
570 1374 627 1444 ούκ
645 1374 685 1445 ἀν
703 1369 739 1444 εά
758 1375 823 1445 οἶδ’
836 1374 890 1446 ότι
906 1381 1136 1467 βουληθείητε.

105 1487 178 1560 πῶς
205 1471 264 1549 οὖν
284 1478 304 1548 ό
327 1478 481 1570 Πρωτεύς
501 1486 600 1551 τούτο
624 1482 784 1566 διακρινεῖ
805 1479 959 1559 καὶτοὺς
979 1482 1039 1566 μὲν
1058 1507 1140 1570 χρη·

105 1581 204 1662 σιούς
222 1579 400 1671 ὠφελήσει,
424 1581 502 1662 τοὺς
520 1583 556 1650 δὲ
573 1582 738 1673 πονηροὺς
756 1580 793 1650 ού
813 1585 1138 1674 φιλοκινδυνοτέρους
1185 1580 1189 1583 ’

104 1689 160 1753 καὶ
184 1688 445 1775 τολμηροτέρους
470 1682 657 1775 ἀποφανεῖς
687 1694 797 1754 καίτοι
828 1683 965 1753 δυνατὸν
991 1686 1075 1754 ἔστω
1104 1687 1137 1766 ἐς
1155 1708 1191 1759 24

10 1856 12 1859 .
104 1795 202 1857 τοῦτο
220 1788 341 1872 μόνους
353 1785 610 1876 ἀπαντήσεσθαι
622 1787 700 1868 τοὺς
714 1788 800 1879 πρὸς
812 1787 852 1856 τὸ
867 1786 1035 1879 ὠφέλιμον
1050 1787 1137 1876 ἀψο-

104 1897 223 1978 μένους
232 1890 275 1959 τό
288 1897 436 1980 πρᾶγμα.
463 1890 550 1976 ὑμᾶς
564 1889 595 1959 δ’
608 1883 664 1959 σύν
678 1883 782 1971 αὖθις
794 1891 963 1979 ἐρήσομαι,
985 1890 1134 1973 δέξαισθ’

105 1991 146 2063 ἀν
169 1992 248 2077 τοὺς
269 1995 395 2073 παῖδας
416 1991 508 2078 ὑμῶν
531 1993 676 2082 ζηλωτὰς
697 2000 756 2062 τού
782 1995 936 2062 τοιούτου
962 2000 1137 2081 γενέσθαις

105 2095 164 2166 ούκ
181 2095 222 2166 ἀν
240 2098 377 2165 εἴποιτε.
413 2103 573 2163 καίτοιτί
593 2102 693 2163 τοῦτο
716 2093 850 2184 ἠρόμην,
875 2091 962 2163 ὅπου
980 2094 1060 2183 μηδ’
1077 2093 1138 2161 αύκ
1260 2114 1264 2120 ’

103 2207 170 2270 τῶν
187 2225 239 2279 τις
256 2207 322 2268 τῶν
338 2204 500 2286 μαθητῶν
519 2195 619 2266 αύτού
632 2199 807 2286 ζηλώσειεν
821 2193 877 2281 άν,·
894 2195 951 2264 τὸν
964 2204 1040 2284 γοῦν
1056 2207 1137 2265 θεα-

102 2310 197 2392 μένην
214 2309 311 2370 τοῦτο
328 2303 474 2387 μάλιστα
493 2301 683 2369 αἰτιάσαιτο
700 2296 741 2366 άν
758 2325 819 2381 τις,
839 2296 893 2367 ότι
910 2296 1015 2367 τάλλα
1034 2302 1137 2388 ζηλῶν

103 2403 243 2494 τάνδρὸς
266 2403 324 2488 ούχ
345 2404 463 2472 ἕπεται
484 2410 531 2491 τῷ
554 2403 743 2491 διδασκάλῳ
765 2406 822 2470 καὶ
849 2404 1018 2491 συνοδεύει
1044 2402 1138 2491 παρὰ

104 2507 163 2578 τὸν
181 2506 351 2597 Ἡρακλέα,
378 2498 427 2587 α’ύς
448 2530 558 2596 φησιν,
587 2504 735 2588 ἀπιόντι,
764 2506 942 2590 δυνάμενος
968 2505 1001 2577 δν
1022 2513 1141 2595 βραχεῖ

103 2610 340 2696 πανευδαίμων
364 2614 523 2697 γενέσθαι
549 2606 762 2696 συνεμπεσὼν
789 2608 848 2677 ἐπὶ
872 2607 1016 2698 κεφαλὴν
1043 2608 1077 2687 ές
1098 2607 1137 2676 τὸ
1181 2636 1189 2641 ·

102 2722 189 2802 πῦρ·
218 2710 255 2781 ού
274 2711 336 2800 γὰρ
354 2712 388 2781 όν
409 2712 502 2803 πήρη
522 2715 579 2781 καί
597 2713 731 2800 βάκτρῳ
753 2714 810 2778 καὶ
830 2718 966 2798 τρίβωνι
989 2708 1007 2778 ὃ
1032 2711 1136 2798 ζῆλος,

57 2819 62 2825 ’
103 2814 191 2885 ἀλλὰ
207 2822 312 2883 ταῦτα
329 2817 388 2901 μέν
406 2813 540 2905 ἀσφαλῆ
558 2818 614 2883 καί
631 2815 733 2904 ῥᾴδια
749 2816 805 2881 καὶ
817 2811 943 2895 παντὸς
960 2809 1001 2882 ἀν
1018 2814 1078 2901 εἴη,
1097 2811 1137 2881 τὸ

102 2923 200 2999 τέλος
222 2920 259 2987 δὲ
280 2921 335 2986 καί
355 2916 395 2986 τὸ
415 2919 598 3007 κεφάλαιον
618 2914 679 3006 χρὴ
708 2918 823 3004 ζηλοῦν
845 2920 902 2984 καὶ
927 2915 1037 3005 πυρὰν
1062 2941 1139 2985 συν-
1192 2912 1196 2919 ’

101 3028 211 3091 θέντα
228 3027 359 3112 κορμῶν
376 3027 514 3089 συκίνων
532 3018 578 3100 ὥς
592 3020 639 3087 ἀνι
651 3019 798 3103 μάλιστα
808 3021 943 3109 χλωρῶν
957 3019 1139 3088 ἐναποπνι-

101 3133 203 3216 γῆναι
219 3131 266 3213 τιβ
284 3130 415 3211 καπνηῑ·
437 3121 478 3191 τὸ
494 3130 562 3209 πύρ
584 3120 646 3210 γὰρ
670 3118 750 3188 αύτδ
774 3119 811 3188 ού
834 3122 934 3205 μόνον
948 3120 1140 3211 Ἡρακλέους

101 3233 161 3297 καί
172 3225 377 3314 Ἀσκληπιοῦ,
398 3222 481 3293 ἀλλὰ
498 3229 554 3293 καὶ
570 3231 637 3293 τῶν
652 3224 830 3311 ἱεροσύλων
843 3226 898 3290 καί
914 3221 1137 3312 ἀνδροφόνων,

99 3330 167 3412 ούς
184 3328 264 3419 δρᾶν
279 3329 366 3401 ἔστιν
380 3329 415 3397 έκ
427 3330 603 3416 καταδίκης
616 3324 697 3395 αύτὸ
712 3325 911 3410 πάσχοντας.
940 3322 1026 3394 ὥστε
1044 3323 1141 3412 ἀμει-

99 3459 161 3503 νσν
178 3431 218 3502 τὸ
237 3431 294 3501 διὰ
310 3439 369 3524 τού
386 3439 528 3505 καπνοῦ·
546 3432 633 3500 ’ίδιον
650 3429 711 3521 γὰρ
729 3433 785 3498 καί
803 3426 894 3515 όμιῦν
906 3430 1016 3516 μόνων
1030 3425 1073 3499 ἀν’
1087 3436 1141 3518 γέ-
1264 3512 1266 3518 Ι

100 3561 208 3608 νοιτο.
241 3533 349 3617 άλλως
363 3551 402 3604 ’τε
421 3532 439 3604 ὁ
457 3536 515 3620 μέν
525 3532 688 3626 Ἡρακλῆς,
709 3534 804 3622 εἴπερ
823 3530 888 3623 ἀρα
905 3536 961 3601 καὶ
979 3533 1141 3622 ἐτόλμησέ
1157 3552 1193 3605 κδ

97 3668 140 3710 τι
151 3647 314 3721 τοιοῦτον,
329 3636 401 3706 ἀπὸ
411 3638 510 3708 νόσου
522 3634 604 3706 αύτδ
618 3637 762 3725 ἔδρασεν,
776 3634 844 3705 ἀπὸ
858 3641 1140 3724 τοῦΚενταυρείου

98 3744 258 3831 αἵματος,
278 3739 326 3822 ιός
343 3765 445 3832 ’φησιν
462 3738 677 3829 ῆπραγῳδία,
696 3746 965 3824 κατεσθιόμενος.
994 3730 1091 3818 οὗτος
1105 3738 1141 3807 db

97 3852 195 3926 τίνος
218 3847 326 3926 αἰτίας
350 3844 453 3913 ἕνεκεν
475 3842 632 3930 έμβάλλει
658 3849 768 3933 φέρων
794 3840 911 3913 ἑαυτὸν
938 3840 972 3921 ές
992 3838 1031 3910 ιδ
1055 3848 1142 3934 πύρ,·

96 3950 140 4039 νὴ
170 3947 239 4032 Δί’,
273 3945 367 4029 ὅπως
396 3946 455 4038 τὴν
484 3951 656 4034 καρτερίαν
679 3945 895 4034 ’ἐπιδείξηται
923 3945 1081 4035 καθάπερ
1108 3943 1142 4013 ’σί

95 4059 314 4142 Βραχμᾶνες·
339 4051 474 4133 ἐκείνοις
494 4048 555 4140 γὰρ
579 4046 677 4119 αύτδν
698 4045 792 4141 ῆξίου
812 4055 970 4139 θεαμένης
992 4048 1149 4134 εἰκάζειν,Ι
1193 4068 1197 4077 ·
