2782 4574
230 216 294 283 122
612 226 869 285 ΔΟΥΚΙΑΝΟΥ

129 368 132 375 ·
228 331 315 404 πολὺ
332 333 461 423 μύριοι,
486 334 541 400 καί
562 329 601 401 τὸ
623 338 692 402 πᾶν
713 330 747 413 ἐς
768 337 866 402 πίντε
881 333 1045 421 μυριάδας
1065 331 1105 402 τὸ
1129 331 1262 405 ὅπλισι-

175 459 210 509 κε
228 436 294 521 κὸν,
315 437 432 518 ἱππεῖς
450 436 486 504 δὲ
504 432 593 525 ἀμφὶ
608 433 687 515 τοὺς
702 438 998 520 πεντακισχιλίους,
1018 434 1081 524 ἐγὼ
1101 438 1137 505 δὲ
1152 458 1263 525 χειρο-

228 538 363 630 τονητὸς
388 535 451 630 ύφ”
465 535 622 607 ἀπάντων
643 530 840 628 προκριθεὶς
865 533 986 628 ἀρχων,
1014 533 1150 627 ἀριστος
1176 537 1263 612 εἶναι

229 643 330 726 δόξας
351 639 542 732 ἀνθρώπων
563 638 722 730 ἡγεῖσθαι
746 644 802 709 καὶ
823 641 998 727 πράγμασι
1020 646 1184 730 χρῆσθαι,
1214 641 1262 724 ὥς

227 846 328 940 ἀρετῇ
346 853 624 938 προχειρισθέντα
642 843 709 915 ἀπὸ
727 852 786 935 τῆς
804 851 961 936 στρατιᾶς
983 841 1103 932 ἀρχειν,
1126 843 1167 915 ὀύ
1185 851 1263 937 κλη-

224 952 368 1041 ρονόμον
393 950 563 1038 γενόμενον
585 948 686 1017 ἀλλου
708 949 914 1037 πονήσαντος
936 947 969 1029 ἐς
993 946 1053 1037 τὴν
1077 953 1259 1035 βασιλείαν,

171 1086 175 1091 ’
228 1055 304 1122 ἐπεὶ
320 1059 368 1142 τῷ
381 1049 589 1138 Ἅδειμάντου
613 1058 775 1142 θησαυρῷ
797 1050 1032 1140 παραπλήσιον
1053 1048 1092 1119 τὸ
1113 1059 1259 1138 τοιοῦτο,

227 1159 285 1224 καί
300 1154 339 1225 τὸ
357 1161 495 1245 πρᾶγμα
508 1151 567 1239 ούχ
580 1151 696 1241 ὅμοιον
709 1152 780 1243 ἡδύ,
801 1150 915 1244 οἵσπερ
931 1149 1010 1222 ὅταν
1021 1155 1078 1243 ἰ’δῃ
1091 1180 1143 1235 τις
1159 1151 1262 1237 αὐτὸς

226 1255 270 1326 δι’
282 1255 384 1326 αὑτοῦ
401 1258 602 1346 κτησάμενος
618 1256 675 1346 τὴν
694 1258 894 1326 δυναστείαν.

278 1377 364 1433 m.
399 1372 531 1442 Παπαῖ,
551 1351 579 1426 ὦ
596 1362 770 1446 Σάμιππε,
796 1356 889 1428 οῦδὲν
905 1359 1030 1447 μικρὸν,
1050 1356 1135 1428 ἀλλά
1151 1358 1190 1429 τὸ
1207 1386 1263 1429 κε·

226 1465 373 1554 φάλαιον
391 1461 471 1532 αῦτδ
488 1469 554 1532 τῶν
568 1460 707 1551 ἀγαθῶν
720 1460 876 1531 ἀπάντων
890 1463 985 1550 σύγε
997 1459 1130 1552 ᾔτησας,
1150 1458 1261 1552 ἀρχειν

227 1565 373 1646 ἀσπίδος
389 1567 550 1653 τοσαύτης
568 1562 703 1652 ἀριστος
726 1562 765 1651 δὴ
788 1568 986 1654 προκριθεὶς
1007 1561 1076 1632 ἀπὸ
1097 1571 1163 1633 τῶν
1180 1591 1262 1639 πεν-

225 1674 458 1758 τακισμυρίων.
493 1674 643 1735 τοιοῦτον
660 1665 737 1756 ἡμῖν
754 1664 967 1755 ἡΜαντίνεια
983 1665 1182 1752 θαυμαστὸν
1198 1674 1263 1753 βα,-

229 1774 324 1839 σιλέα
341 1774 396 1838 καὶ
414 1768 593 1857 στρατηγὸν
616 1768 768 1857 ἐλελήθει
790 1767 1031 1859 ἀνατρέφουσα.
1068 1767 1153 1859 πλὴν
1176 1757 1269 1838 ἀλλά

226 1876 382 1958 βασίλευε
402 1874 459 1939 καὶ
479 1868 560 1959 ἡγοῦ
580 1878 647 1939 τῶν
665 1878 875 1960 στρατιωτῶν
897 1874 953 1939 καὶ
975 1871 1150 1957 διακόσμει
1166 1872 1205 1941 τό
1224 1897 1286 1951 τε,

229 1974 369 2044 ἱππικὸν
394 1972 547 2053 καὶτοὺς
570 1971 687 2064 ἀνέρας
708 1972 785 2054 τοὺς
808 1970 1034 2054 ἀσπιδιώτας·
1061 1973 1170 2042 ἐθέλω
1197 1972 1260 2063 γὰρ
1299 1974 1302 1977 ’

229 2077 352 2146 εἰδέναι
373 2075 409 2145 οῖ
427 2077 605 2162 βαδιεῖσθε
626 2082 782 2145 τοσοῦτοι
804 2072 895 2157 ἀντες
917 2075 953 2158 ἐξ
965 2074 1135 2166 Ἀρκαδίας
1156 2074 1180 2166 ἢ
1203 2076 1262 2146 ἐπὶ
1381 2072 1383 2075 ’

226 2186 319 2261 τίνας
337 2177 478 2259 ἀθλίους
494 2179 649 2269 πρώτους
667 2176 843 2268 ἀφίξεσθε.

175 2304 210 2354 εο
278 2298 367 2353 ma„
399 2279 516 2365 Ἄκουε,
537 2273 564 2349 ὦ
577 2293 707 2364 Λυκῖνε,
725 2283 850 2367 μᾶλλον
868 2283 914 2364 δὲ,
934 2281 968 2349 εί
982 2305 1038 2351 σοι
1055 2284 1162 2371 φίλον,
1182 2278 1263 2353 ἀκο-
1381 2312 1382 2323 ’

228 2385 348 2510 λούθει
363 2383 441 2471 μεθ’
456 2382 563 2471 ἡμῶν·
584 2384 753 2473 ἵππαρχον
769 2385 832 2472 γάρ
850 2408 888 2454 σε
905 2390 971 2454 τῶν
989 2388 1261 2469 πεντακισχιλίων

228 2512 404 2576 αποφανω.
812 2514 817 2523 ⁸

145 2586 152 2605 ’
243 2624 245 2628 ·
278 2604 363 2659 ΛΥΚ
394 2585 489 2661 Ἀλλὰ
505 2594 564 2677 τῆς
580 2589 639 2674 μίν
655 2595 766 2678 τιμῆς,
787 2580 978 2675 ὦβασιλεῦ,
996 2590 1091 2679 χάριν
1109 2586 1185 2659 οἶδά
1202 2613 1262 2660 σοι
1290 2646 1297 2652 -
1380 2660 1381 2665 ,

225 2691 284 2759 καί
305 2687 485 2778 ὑποκύψας
507 2690 541 2771 δς
560 2688 600 2757 τὸ
617 2690 778 2782 Περσικὸν
795 2698 970 2782 προσκυνεῖ
993 2717 1030 2761 σε
1048 2691 1260 2781 περιαγαγὼν

228 2792 262 2873 ἐς
278 2789 430 2861 τοάπίσω
447 2792 495 2861 τὼ
511 2806 611 2884 χεῖρε,
629 2802 737 2880 τιμῶν
753 2794 812 2883 τὴν
825 2796 942 2882 τιάραν
960 2793 1066 2885 ὀρθὴν
1084 2787 1185 2864 οὖσαν
1200 2799 1262 2864 καλ
1379 2852 1380 2885 ,

226 2893 266 2962 τὸ
286 2894 447 2981 διάδημα·
471 2893 510 2964 σὺ
530 2897 566 2964 δὲ
582 2903 648 2965 τῶν
667 2897 857 2985 ἐρρωμένων
872 2899 1003 2968 τούτων
1024 2897 1099 2966 τινὰ
1115 2904 1261 2987 ποίησον

227 2996 411 3084 ἵππαρχον·
439 2996 502 3086 ἐγὼ
523 2999 585 3087 γάρ
608 3023 665 3068 σοι
691 3001 806 3080 δεινῶς
832 2997 990 3090 ἀφιππύς
1011 3000 1081 3086 είμι
1102 3004 1157 3069 καὶ
1179 2999 1261 3070 οῦδὲ

226 3094 313 3180 ὅλως
331 3098 452 3188 ἒπίβην
468 3102 576 3171 ἵππου
596 3101 629 3170 ἐν
646 3109 694 3191 τῴ
712 3101 779 3190 πρὸ
801 3109 859 3171 τοῦ
874 3102 993 3191 χρόνῳ.
1035 3104 1129 3171 δέδια
1149 3108 1261 3173 τοίνυν
1378 3126 1379 3181 3

225 3198 271 3290 μὴ
290 3209 350 3270 τοῦ
368 3205 569 3290 σαλπιγκτοῦ
589 3204 824 3293 ἐποτρύνοντος
844 3204 1041 3275 καταπεσὼν
1058 3205 1158 3294 ἔγωγε
1176 3231 1261 3292 συμ-
1377 3292 1378 3303 η

225 3311 375 3394 πατηθυῖ
393 3304 426 3374 ἓν
442 3313 487 3396 τῇ
499 3308 601 3397 τύρβη
618 3304 686 3377 ὑπὸ
704 3309 883 3389 τοσαύταις
896 3306 1027 3391 ὁπλαῖς,
1045 3305 1136 3397 ἢκαὶ
1147 3316 1261 3395 θυμο-

227 3406 318 3497 ειδὴς
340 3405 387 3476 ὢν
409 3406 427 3478 ὃ
451 3410 558 3490 ἵππος
580 3411 723 3500 ἐξενέγκῃ
741 3437 796 3496 με,
821 3410 878 3482 εει
898 3410 1031 3495 χιιωι
1049 3410 1200 3494 ευμεν,
1225 3411 1261 3493 ις

225 3514 348 3595 μέσθίίέ
364 3510 442 3592 τοὺς
459 3516 648 3599 πολεμίους,
668 3509 689 3603 ἢ
707 3513 817 3603 δεήσει
829 3516 1057 3604 καταδεθῆναί
1065 3540 1107 3599 με
1120 3512 1206 3604 πρὸς
1217 3512 1258 3583 τδ
1376 3504 1377 3551 ί

227 3612 406 3704 ἐφίππιον,
422 3616 453 3684 εί
460 3619 568 3700 μέλλω
576 3629 684 3703 μενεῖν
697 3643 733 3686 τε
747 3613 814 3686 ἀνω
824 3621 880 3686 καὶ
888 3617 1026 3700 ἵξεσθαι
1039 3624 1098 3685 τοῦ
1110 3620 1259 3701 χαλινοῦ.

175 3737 208 3788 ει
277 3735 406 3791 ΑΔΕΙΜ.
437 3716 517 3806 Ἐγώ
537 3743 601 3802 σοι,
621 3711 833 3807 ιάΣάμιππε,
852 3717 1017 3811 ἡγήσομαι
1030 3726 1096 3788 τῶν
1115 3719 1257 3801 ἱππίων,

164 3876 175 3894 .
225 3831 366 3902 Λυκῖνος
393 3821 429 3889 δὲ
454 3818 495 3890 τὸ
520 3820 627 3904 δεξιὸν
653 3829 749 3915 κέρας
775 3824 883 3908 ἐχέτω.
928 3825 1055 3904 δίκαιος
1078 3819 1109 3891 δ’
1127 3819 1166 3890 ἀν
1187 3820 1259 3908 εἵην

226 3937 333 4008 τυχεῖν
354 3921 448 4013 παρὰ
470 3932 532 3994 σοῦ
552 3932 618 3995 τῶν
639 3934 811 4016 μεγίστων,
834 3928 1008 4010 τοσούτοις
1031 3951 1068 3996 σε
1085 3926 1259 4016 μεδίμνοις

150 4090 153 4095 .
228 4024 458 4117 δωρησάμενος
476 4026 640 4118 ἐπισήμου
657 4036 804 4118 χρυσίου.
