2748 4572
238 210 284 279 64
488 222 491 231 ’
626 216 894 276 κοοττεαοε,
1024 216 1028 223 ’
1303 246 1327 292 -·
1370 246 1371 299 η

240 323 365 404 ἅπαντα
386 317 501 393 καὶτὸ
523 325 623 413 μηδέν
644 327 746 393 πλέον
768 318 977 412 δικαιοσύνης
1000 323 1079 413 ἔργα
1106 321 1204 408 εἶναι,
1224 325 1274 396 ’τό

238 431 276 496 δὲ
294 425 408 498 ἀνισόν
425 453 461 495 τε
478 430 534 495 καὶ
551 426 777 496 πλεονεκτικὸν
795 425 945 511 ἀδικίαςς
968 424 986 495 5
1010 428 1046 494 δέ
1067 435 1108 517 τῇ
1125 430 1275 519 ’διαβολῇ
1370 424 1371 501 J

238 530 322 599 κατὰ
338 538 405 599 τῶν
423 527 576 598 ἀπόντων
598 531 712 620 λάθρηι
731 531 897 621 χριόμενος
918 537 992 610 πῶς
1011 527 1052 597 οὗ
1074 533 1276 620 πλεονέκτης
1368 514 1371 543 ⁴

239 633 337 715 ἐστὶν,
355 629 472 701 ὅλον
439 658 496 701 τον
509 629 669 722 ἀκροατὴν
684 634 954 760 σφετεριζόμενος
966 658 1023 701 και
1011 636 1276 722 προκαταλαμ-
1370 622 1371 711 ί

238 737 347 822 βάνων
370 733 470 804 αὐτοῦ
493 734 535 803 τὰ
558 726 628 802 ῶτα
649 733 746 803 καὶ
727 737 952 824 ἀποφράττων
973 739 1030 803 καὶ
1051 760 1100 824 τῳ
1127 739 1319 828 δευτέρῳ
1370 718 1371 789 ί

238 834 327 926 λόγῳ
343 833 521 919 παντελῶς
532 836 642 924 ἀβατα
658 839 906 966 κατασκεγάζων
926 837 1019 922 αὐτὰ,
1036 835 1179 931 ὑπὸτῆς
1197 842 1371 909 δια-

238 940 354 1028 βολῆς
360 941 743 1070 προεμπεπλησμένα;’
728 942 865 1028 εσχάτης
888 938 1076 1020 ἀδικίας
1043 968 1082 1009 το
1108 949 1270 1026 τοιοῦτον,
1370 998 1371 1027 ,

220 1039 286 1122 ’ῶς
303 1056 401 1132 φαῖεν
420 1041 460 1111 ἀν
476 1045 584 1111 καί(
550 1071 583 1111 οι
596 1040 727 1132 ἀριστσι
738 1050 804 1112 τῶν
817 1042 1018 1128 νομοθετῶν,
1039 1041 1140 1111 οἷονς
1123 1071 1141 1111 ο
1155 1045 1272 1114 Σόλων

191 1170 195 1175 ·
237 1148 293 1212 καὶ
321 1143 338 1212 5
353 1146 511 1270 Δράκων,
540 1147 668 1232 ένσρκον
694 1146 915 1233 ποιησάμενοι
935 1159 1007 1226 τοῖς
1034 1149 1205 1227 δικασταῖς
1230 1146 1271 1216 τό

239 1244 318 1332 ὁμοί
319 1274 364 1327 ως
382 1244 508 1340 ἀμφοῖν
532 1245 721 1337 ἀκροᾶσθαι
744 1251 801 1314 καὶ
822 1247 861 1315 τό
883 1247 940 1329 τὴν
959 1247 1086 1317 εάνοιαν
1107 1250 1181 1337 λ’σην
1198 1262 1273 1330 τοῖς
1370 1234 1371 1265 ¹

236 1356 439 1438 κρινομένοις
466 1349 657 1435 ἀπονέμειν,
692 1348 768 1438 ἀχρι
794 1348 835 1418 ἀν
860 1348 878 1418 5
905 1358 984 1420 τοῦ
992 1353 1144 1450 δευτέρου
1172 1353 1274 1440 λόγος

202 1526 204 1536 ,
237 1456 444 1539 παρατεθεὶς
461 1459 607 1542 θατέρου
624 1449 780 1541 χείρωνή
799 1447 939 1537 ἀμείνων
958 1460 1055 1544 φανῇ.
1082 1457 1161 1544 πρὶν
1180 1456 1217 1522 δέ
1234 1481 1275 1543 γε
1370 1466 1371 1489 ¹

238 1553 495 1636 ἀντεξετάσαι
462 1584 519 1643 την
534 1553 767 1645 ἀπολογίαν
728 1582 766 1644 τῃ
778 1562 936 1646 κατηγορί
936 1583 967 1644 ην,
983 1561 1152 1637 παντελῶς
1166 1557 1272 1646 ἀσεβῆ

239 1757 359 1839 αότοὺς
373 1757 598 1848 ἀγανακτῆσαι
609 1759 687 1839 τοὺς
701 1760 804 1840 θεοὺς
818 1761 977 1846 είπσιμεν,
995 1763 1024 1829 εἰ
1037 1769 1085 1850 τῷ
1098 1765 1157 1846 μέν
1169 1788 1272 1852 κατη-
1331 1813 1337 1820 ·

159 1855 161 1860 ’
236 1861 327 1949 γόρφ
344 1858 540 1946 μετ”ἀδείας
559 1863 580 1929 ἀ
598 1862 710 1930 ἐθέλει
727 1867 830 1950 λέγειν
848 1864 1091 1950 ἐπιτρέποιμεν,
1111 1863 1272 1955 ἀποφράν

238 1966 350 2044 ξαντες
368 1967 405 2033 δέ
421 1973 470 2053 τῷ
488 1971 755 2053 κατηγορουμένῳ
774 1965 817 2032 τὰ
836 1958 905 2034 ῶτα
923 1964 944 2054 ἢ
961 1973 1009 2055 τῷ
1029 1969 1169 2051 στόματι
1187 1992 1271 2036 σιω-
1316 2042 1319 2048 ,

237 2075 365 2148 πιόντες
377 2060 697 2158 καταψηφιζοίμεθα
709 2076 757 2157 τῷ
771 2075 922 2158 προτέρῳ
932 2071 1018 2157 λόγῳ
1030 2077 1268 2158 κεχειρωμένοι.

235 2166 323 2239 άίστε
341 2169 381 2238 οὗ
398 2171 482 2239 κατὰ
499 2170 537 2239 τὸ
553 2174 678 2240 δίκαιον
691 2172 797 2240 καὶτὸ
811 2173 949 2256 νόμιμον
963 2175 1018 2238 καὶ
1031 2172 1087 2240 τὸν
1102 2170 1196 2262 όρκον
1209 2173 1269 2240 τὸν
1300 2265 1304 2273 ὓ

237 2273 424 2342 δικαστικὸν
439 2281 522 2364 φαίη
538 2301 588 2354 τις
602 2272 642 2341 ἀν
656 2280 831 2361 γίγνεσθαι
848 2271 907 2354 τὰς
926 2276 1093 2359 διαβολάς.
1123 2276 1153 2342 εί
1171 2278 1207 2343 δέ
1218 2302 1268 2363 τῳ

235 2373 282 2463 μὴ
297 2373 491 2457 ἀξιόπιστοι
505 2377 710 2443 δοκοῦσιν
676 2402 709 2442 οι
726 2383 909 2461 νομοθέται
925 2385 1161 2466 παραινοῦντες
1179 2373 1269 2444 οὕτω

237 2478 367 2556 δικαίας
374 2476 590 2571 μαίαμερεῖς
607 2485 788 2546 ποιεῖσθαι
809 2478 869 2558 τὰς
890 2486 1034 2585 κρίσεις,
1050 2479 1188 2566 ποιητήν
1206 2505 1268 2563 μοι

236 2581 323 2646 δοκῶ
340 2578 438 2647 τδν”
416 2605 550 2669 αριστον
568 2579 702 2667 επάγειν
720 2589 767 2668 τῷ
787 2583 873 2670 λόγω
893 2608 928 2649 ευ
914 2562 1036 2667 μάλά
1049 2583 1268 2708 περὶτούτων

173 2760 176 2765 ⁴
233 2678 533 2770 ἀποφηνάμενον,
520 2686 643 2767 μᾶλλον
663 2685 699 2750 δέ
716 2685 997 2772 νομοθετήσαντα.
1035 2687 1120 2773 φησὶ
1138 2685 1182 2764 δὲ,

150 2776 153 2780 Δ
281 2786 476 2873 Μήτειδίκην
490 2786 634 2874 δικάσῃς,
653 2784 769 2873 ’πρὶν’
747 2814 786 2855 αν
802 2783 928 2875 ἀμφοῖν
940 2784 1092 2871 μόθον
1065 2787 1215 2874 ακοόσῃς.
1243 2816 1246 2820 ’

233 2883 491 2976 ἠπίστατογὰρ,
513 2884 619 2972 οἶμαι,
642 2891 698 2955 καί
717 2880 814 2968 οὗτος
832 2886 878 2968 ῶς
895 2893 1028 2956 πολλῶν
1047 2885 1150 2956 όντων
1168 2888 1200 2956 ἓν
1219 2895 1267 2976 τῷ

232 2993 298 3074 βίην
320 2985 531 3077 ἀδικημάτων
554 2987 648 3059 οὐδέν
672 2986 711 3057 ἀν
731 3017 784 3069 τις
806 2986 896 3077 εόροι
915 3004 1024 3076 χεῖρον
1043 2988 1120 3058 οὐδὲ
1142 2988 1270 3056 ἀδικῶ-

224 3115 326 3178 τερον
343 3088 365 3180 ἢ
383 3088 536 3178 ἀκρίτους
552 3090 645 3172 τινὰς
665 3095 721 3159 καὶ
743 3090 901 3179 ἀμοίρους
923 3094 1028 3180 λόγων
1050 3094 1268 3160 καταδεδικά-

236 3199 336 3261 σθαι·
364 3189 448 3280 όπερ
476 3195 513 3276 ἐξ
538 3190 684 3273 ἀπαντσς
711 3191 729 3261 5
754 3196 939 3280 διαβάλλων
961 3196 1123 3282 ἐπιχειρεῖ
1143 3208 1264 3276 ποιεῖν,

233 3290 363 3380 ἀκριτσν
376 3293 514 3382 ὑπάγων
526 3295 584 3364 τὸν
598 3297 854 3381 διαβαλλόμενον
866 3305 906 3386 τῇ
919 3304 979 3366 τοῦ
995 3296 1172 3376 ἀκούοντος
1185 3294 1267 3386 ἀργῇ

194 3394 195 3397 '
232 3395 357 3482 κοίτην
371 3394 553 3485 ἀπολογίαν
564 3406 612 3487 τῷ
626 3400 780 3485 λαθραίῳ
795 3405 853 3486 τῆς
866 3407 1062 3488 κατηγορίας
1079 3401 1268 3489 παραιρού-

197 3519 214 3568 9
232 3522 338 3581 μενος.
379 3502 435 3565 καὶ
456 3499 518 3589 γὰρ
539 3498 811 3591 ἀπαρρησίαστος
832 3505 888 3568 καὶ
911 3502 1018 3582 δειλὸς
1041 3499 1132 3582 ἅπας
1154 3499 1171 3570 5
1194 3528 1269 3569 τοι·
1345 3488 1353 3499 ’

232 3604 329 3679 οὗτος
348 3595 546 3687 ἀνθρωπος,
571 3601 665 3672 οὐδὲν
685 3603 718 3684 ές
736 3601 923 3693 τούμφανὲς
941 3604 1039 3693 ἀγων,
1064 3602 1132 3672 ἀλλ’
1149 3601 1266 3693 ῶσπερ

233 3703 266 3771 οἱ
289 3705 447 3785 λοχῶντες
469 3704 505 3787 ἐξ
525 3704 805 3801 ἀφανοῦςβποθεν
827 3710 976 3789 τοξεύων,
1001 3705 1047 3787 ῶς
1069 3709 1153 3795 μηδὲ
1175 3704 1268 3774 ἀντι-

230 3805 403 3885 τάξασθαι
425 3805 562 3875 δονατδν
588 3805 672 3875 εἶναι
697 3810 780 3896 μηδὲ
807 3806 1112 3897 ἀνταγωνίσασθαι,
1142 3805 1210 3874 ἀλλ’
1231 3807 1269 3875 ἒν

231 3903 359 3995 ἀπορίην
376 3912 432 3976 καὶ
445 3906 566 3997 ’ἀγνοίᾳ
582 3916 642 3977 τοῦ
660 3914 808 3995 πολέμου
829 3914 1110 4002 διαφθείρεσθαι,
1135 3911 1153 3977 5
1171 3915 1269 3997 μέγι-

231 4008 309 4076 στόν
336 4008 406 4080 ἐστι
433 4024 568 4101 σημεῖον
593 4020 652 4081 τοῦ
677 4015 779 4101 μηδὲν
805 4013 894 4102 ὑγιές
918 4014 995 4095 τοὺς
1026 4015 1268 4100 διαβάλλοντας
