2782 4574
237 206 282 271 95
504 264 508 270 «
578 220 583 227 ”
628 214 886 274 ΔΟΥΚΙᾸΝΟΥ

138 336 142 341 ’
238 320 326 414 ὑπὲρ
342 321 384 392 τά
403 319 517 391 ἑκατὸν
536 322 591 410 ἐ’τη
608 327 702 409 βιοῦν
716 323 821 409 λόγος,
841 323 981 403 τούτους
992 323 1278 417 μίνκαλκριθύην
1310 348 1313 359 ’

238 425 328 518 ἀρτην
345 432 545 514 χρωμένους,
566 423 823 517 ῶςκάξυδορκίας
840 433 939 494 τοῦτο
957 427 1146 516 φάρμακον·
1170 427 1222 508 σύς
1237 434 1277 517 γέ

239 554 326 620 φασι
343 529 400 597 διὰ
416 528 474 617 τὴν
491 530 799 619 τοιαύτηνῖδίαιταν
820 534 875 597 καὶ
892 527 953 609 ’τὰς
971 526 1072 609 ἀλλας
1091 529 1275 620 αἰσθήσεις

238 630 322 722 ὑπὲρ
340 631 417 712 τοὺς
436 630 556 713 ἀλλους
573 629 777 723 ἀνθρώπους
795 632 978 720 ἐρρωμένας
996 629 1090 700 εἶναι.

203 759 220 808 6
287 733 382 805 Ἀλλὰ
398 737 579 822 ταῦταμὲν
596 743 676 822 περί
692 761 729 804 τε
741 742 807 803 τῶν
819 740 1009 824 μακροβίων
1021 742 1122 824 γενῶν
1138 740 1194 804 καὶ
1206 744 1275 807 τῶν
1378 734 1379 737 ’

240 837 356 921 ἐθνῶν,
377 834 472 906 ἀτινά
487 864 590 929 φασιν
599 835 650 918 ῶς
664 837 722 906 ἐπὶ
734 843 890 907 πλεῖστον
904 834 1135 927 διαγίγνεσθαι
1145 841 1274 930 χρόνον,

240 942 273 1010 οί
289 943 348 1026 μέν
367 940 499 1030 διδιτην
515 949 573 1030 γῆν
595 945 652 1009 καὶ
668 940 734 1009 τὸν
749 939 844 1030 ἀέρα,
870 942 903 1008 οἱ
926 943 962 1009 δὲ
980 940 1036 1008 διὰ
1053 934 1114 1030 Ιτὴν
1133 945 1273 1026 δίαιταν,

195 1116 200 1125 ,
239 1045 274 1113 σί
295 1044 408 1113 δὲκαὶ
431 1043 472 1114 δι’
489 1041 602 1134 άμηνω.
644 1044 707 1133 ἀγα)
732 1042 762 1113 δ’
778 1041 820 1112 ἀν
841 1069 897 1113 σοι
916 1046 1051 1125 δικαίως
1071 1044 1130 1134 τὴν
1153 1044 1276 1114 ἐλπίδα

240 1149 364 1237 ῥηιδίως
378 1150 605 1239 παράσχοιμι,
632 1148 808 1236 ἱστορήσας
826 1145 879 1216 ότι
900 1151 956 1215 καλ
978 1147 1062 1215 κατά
1078 1154 1191 1218 πᾶσαν
1214 1156 1276 1238 γῆν
1378 1156 1379 1207 s

239 1254 295 1317 καὶ
320 1249 404 1318 κατά
435 1251 546 1319 πάντα
577 1248 659 1339 ἀέρα
689 1251 867 1339 μακρόβιοι
896 1252 1067 1339 γεγόνασιν
1095 1249 1215 1340 ἀνδρες
1243 1251 1279 1319 ολ

81 1403 85 1409 -
110 1422 119 1428 ,
238 1359 432 1440 γυμνασίοις
448 1367 520 1433 τοῖς
537 1355 744 1444 προσήκοντι
761 1356 944 1443 καὶδιαίτη
964 1362 1002 1444 τῇ
1022 1354 1277 1444 ἐπιτηδειοτάτῃ

205 1481 221 1528 ν
240 1454 326 1545 πρὸς
343 1453 470 1545 ύγίειαν
485 1458 660 1545 χρῶμενοι.
698 1459 859 1547 διαίρεσιν
877 1459 993 1525 δέτσῦ
1016 1458 1114 1545 λόγου
1132 1458 1278 1546 ποιήσο-

238 1585 300 1644 μαι
317 1558 375 1647 τὴν
397 1561 533 1649 πρώτην
554 1561 638 1644 κατά
659 1585 696 1646 γε
718 1559 760 1627 τὰ
784 1559 1029 1648 ἐπιτηδεύματα
1050 1568 1116 1628 τῶν
1135 1554 1275 1651 ἀνδρῶν),
1378 1572 1379 1635 ξ

238 1665 292 1728 καὶ
319 1663 474 1751 πρώτους
499 1667 536 1750 γέ
563 1686 618 1731 σοι
638 1661 716 1749 τούς
740 1661 932 1761 βασιλικούς
958 1667 1013 1730 καὶ
1040 1662 1277 1752 στρατηγικοὺς

228 1761 360 1851 ’ἀνδρας
379 1765 553 1853 ἱστορήσω,
574 1757 620 1832 ὧν
638 1765 694 1833 ἕνα
712 1769 767 1833 καὶ
785 1762 1004 1853 εὐσεβεστάτη
1016 1767 1158 1854 μεγάλου
1177 1774 1277 1834 θειο-
1378 1830 1379 1845 ,

239 1868 342 1934 τάτον
365 1865 606 1956 αύτοκράτορσς
627 1870 705 1957 τύχη
734 1867 768 1949 ἀς
792 1868 850 1957 τὴν
875 1869 1076 1956 τελεωτάτην
1104 1867 1277 1957 ἀγαγοῦσα
1348 1906 1379 1944 ,ι

238 1970 331 2050 τάξιν
350 1967 540 2058 εύηργέτηκε
557 1970 599 2037 τὰ
616 1977 757 2060 μέγιστα
773 1970 831 2079 την
850 1972 1039 2059 οἰκουμένην
1056 1970 1114 2060 τὴν
1137 1972 1260 2040 ἑαυτοῦ
1264 1993 1274 2011 ·

224 2066 325 2140 ὀύτω
343 2071 405 2162 γὰρ
418 2070 464 2141 ἀν
483 2070 614 2143 ἀπιδὼν
632 2079 688 2143 καὶ
706 2072 746 2143 σὺ
764 2081 829 2142 τῶν
842 2080 1030 2163 μακροβίων
1045 2071 1173 2165 ἀνδρῶν
1186 2074 1275 2161 πρὸς

53 2186 56 2197 '
135 2209 137 2213 ·
195 2173 277 2242 x13)
305 2171 421 2261 ἀμσιον
447 2183 505 2265 τῆς
532 2177 631 2258 ἕξεως
656 2181 796 2267 καὶτῆς
820 2178 918 2264 τύχης
944 2176 1153 2266 ἑτοιμότερον
1180 2177 1277 2246 δλπί-

238 2301 331 2358 σειας
348 2285 450 2368 γῆρας
466 2277 607 2367 ύγιεινὸν
625 2284 681 2347 καὶ
697 2278 822 2367 μακρὸν
842 2284 899 2346 καὶ
917 2275 988 2364 ἀμα
1010 2280 1159 2367 ζηλώσας
1178 2278 1275 2369 ἒργά-

239 2405 316 2449 σαιο
335 2389 447 2470 σαυτῶ
464 2389 504 2472 τῇ
524 2384 633 2471 διαίτη
648 2383 808 2472 μήκιστόν
829 2408 865 2450 τε
883 2377 954 2468 ἀμα
971 2385 1027 2450 καί
1048 2379 1277 2470 ὑγιεινότατον
1378 2422 1379 2435 ¹

263 2488 322 2551 ίον.
880 2501 882 2509 ’
923 2493 925 2497 ’
1024 2493 1029 2503 ’
1378 2550 1379 2553 ,

195 2489 261 2656 ψεβ
289 2590 481 2671 Πομπίλως
506 2593 623 2671 Νομᾶς
650 2584 668 2654 ό
696 2583 990 2672 εὐδαιμονέστατος
1019 2595 1085 2658 τῶν
1109 2586 1277 2673 Ῥωμαίων

238 2692 402 2775 βασιλέων
427 2693 483 2757 καὶ
496 2690 655 2774 ’μάλιστα
680 2694 760 2779 περὶ
784 2689 842 2779 τὴν
868 2698 1055 2781 θεραπείαν
1084 2697 1152 2759 τῶν
1181 2697 1275 2759 θεῶν

239 2787 441 2880 ἀσχοληθεὶς
458 2789 542 2880 ὑπὲρ
559 2789 602 2858 τά
625 2789 823 2881 ἀγδοήκοντα
845 2793 900 2882 ἐ’τη
922 2799 1118 2880 βεβιωκέναι
1141 2794 1277 2883 ίστόρη-
1378 2808 1379 2821 ’

237 2919 305 2961 ται.
341 2899 480 2983 Σέρβιος
503 2895 538 2961 δὲ
564 2896 720 2976 Τούλλιος
734 2895 898 2982 Ῥωμαίων
919 2902 975 2965 καὶ
998 2889 1094 2979 οὗτος
1117 2892 1277 2984 βασιλεὺς
1378 2908 1379 2945 ³

237 2991 322 3082 ύπὲρ
349 2995 392 3063 τὰ
419 2993 618 3085 ἀγδοήκοντα
645 2998 699 3086 έτη
724 3003 782 3068 καὶ
810 2997 910 3079 αὐτὸς
934 3006 1062 3086 βιῶσαι
1089 2998 1274 3087 ἱστόρηται.
1309 3042 1317 3055 ι
1378 3016 1379 3085 j

241 3098 418 3188 Ταρκύνιος
442 3101 478 3167 δέ
501 3097 519 3168 δ
541 3104 729 3182 τελευταῖος
743 3100 908 3188 Ῥωμαίων
929 3101 1085 3190 βασιλεὺς
1108 3102 1276 3192 φηγαδευ-
1378 3090 1379 3151 3

237 3205 315 3281 θεὶς
336 3205 391 3270 καὶ
415 3202 474 3271 ἀπὶ
494 3205 609 3291 Κύμης
632 3206 809 3296 διατρίβων
835 3204 921 3293 ύπέρ
942 3204 985 3274 τὰ
1009 3206 1196 3294 ἐνενήκοντα
1218 3204 1274 3294 ἀτη
1378 3232 1379 3243 ’

202 3309 366 3393 νλέγεται
385 3309 587 3397 στερρότατα
603 3312 737 3393 βιῶσαι.
771 3299 863 3378 οὗτοι
880 3311 939 3395 μὲν
958 3301 1014 3378 οάν
1028 3307 1193 3395 Ῥωμαίων
1209 3314 1275 3394 βα-

239 3411 355 3490 σιλεῖς,
385 3408 436 3489 οῖς
459 3413 600 3498 συνάψω
622 3414 678 3478 καλ
700 3412 777 3493 τοὺς
799 3410 939 3493 λοιποὺς
960 3416 1118 3500 βασιλέας
1138 3410 1218 3492 τοὺς
1240 3412 1275 3492 ἐς

238 3510 367 3599 μακρὸν.
386 3520 488 3602 γῆρας
511 3511 732 3605 ἀφικομένους
753 3520 808 3584 καλ
830 3513 899 3603 μετ’
916 3513 1036 3598 αύτούς
1057 3522 1137 3565 *⁴⁶*
1156 3517 1214 3583 καὶ
1230 3512 1275 3585 τά

239 3614 486 3702 ἐπιτηδεύματα
501 3614 651 3687 ἑκάστου.
664 3616 738 3689 ἀπὶ
751 3623 838 3688 τέλει
856 3622 893 3688 δέ
905 3645 964 3689 σοι
974 3618 1030 3688 καὶ
1042 3620 1120 3701 τούς
1133 3616 1275 3699 λοιπούς

235 3715 402 3805 Ῥωμαίων
427 3718 505 3800 τοὺς
536 3721 571 3801 ές
599 3723 758 3811 μήκιστον
788 3731 891 3812 γῆρας
917 3722 1139 3814 ἀφικομένους
1164 3745 1274 3810 προσ-

239 3825 433 3913 αναγράψω,
452 3827 618 3911 προσθεὶς
637 3820 707 3911 ἀμα
718 3829 774 3893 καί
790 3825 868 3907 τοὺς
885 3827 968 3894 κατὰ
984 3827 1043 3917 τὴν
1056 3825 1175 3915 λοιπὴν
1189 3822 1274 3894 Ἰτα-

238 3928 311 3992 λίαν
334 3927 392 3994 έπὶ
413 3930 570 4007 πλεῖστον
591 3929 793 4013 βιώσαντας·
821 3926 993 4020 ἀξιόλογος
1014 3931 1077 4019 γὰρ
1100 3923 1271 4017 έλεγχοςῆ

238 4026 369 4119 ἱστορία
390 4037 456 4100 τῶν
480 4033 669 4118 διαβάλλειν
690 4040 903 4123 πειρωμένων
927 4033 985 4127 τὸν
1005 4034 1155 4105 ἐνταῦθα
1177 4030 1269 4121 ἀέρα,-
