2782 4574
321 253 427 310 LXVI.
453 246 623 324 HAOIQN
642 250 672 306 Η
692 250 829 309 ΕΥΧΑΙ
849 250 973 306 23-28.
1100 238 1161 304 121

123 366 188 432 τοῦ
214 355 285 427 ταώ
307 354 329 446 ή
354 356 414 424 τεά
436 358 594 442 Νομάδος
620 354 845 447 ἀλεκτρυόνος,
873 352 1099 445 ἀποφυσήσας
1122 354 1163 443 τὸ

79 482 84 487 ’
123 464 284 552 ψυχίδιον
302 457 384 535 όλπει
401 463 486 547 γυψὶ
503 464 564 527 καλ
574 460 690 550 κόραξι
707 460 819 531 πάντα
837 460 942 527 ἐκεῖνα
954 459 1163 543 καταλιπάνς

125 564 149 657 ή
163 566 293 644 ἐθέλεις
305 563 611 652 καταρεθμήσωμαί
623 586 678 631 σοι
690 561 769 642 τοὺς
781 563 840 647 μὲν
856 557 972 628 αὐτίκα
985 567 1044 628 τοῦ
1058 561 1164 629 πλεό-

127 692 187 737 του
204 670 286 756 πρὶν
304 664 496 737 όιπολαῠοαι
514 662 763 747 ἀποθανόντας,
788 664 894 744 ένίους
910 664 948 732 δέ
965 667 1022 730 καὶ
1040 664 1163 744 ζῶντας
1221 726 1228 739 ,

126 769 422 861 ἀποστερηθέντας
444 759 490 835 ὦν
513 765 599 852 εἶχον
621 766 688 836 άπό
711 793 800 847 τινος
820 768 985 853 βασκάνου
1012 766 1100 854 πρὸς
1120 765 1164 834 τὰ

124 878 268 942 τοιαῦτα
284 874 461 958 δαίμονος,·
484 869 615 951 άκοόεις
630 873 694 960 γάρ
712 896 779 939 που
797 870 855 938 τὸν
872 881 1016 959 Κροῖσον
1033 868 1163 937 καὶτὸν

126 976 343 1064 ΙΠολυκράτην
369 976 454 1042 πολό
482 998 543 1042 σου
567 978 834 1062 πλουσιωτέρους
854 978 1047 1060 γενομένους
1068 971 1164 1040 ἐκπε-
1218 999 1223 1004 ’

126 1180 269 1261 τούτους
291 1178 384 1269 ἀφῶ,
406 1182 447 1248 τό
468 1206 505 1268 γε
523 1178 680 1268 ὑγιαίνειν
698 1179 845 1267 ἐχέγγυον
869 1181 934 1247 οἴει
956 1205 1011 1249 σοι
1033 1179 1163 1266 γενήσε-

129 1292 218 1354 σθαι
235 1287 291 1350 καὶ
306 1288 441 1369 βέβαιον
446 1313 458 1367 ,·
475 1281 497 1372 ἢ
516 1282 574 1368 οόχ
592 1281 672 1373 ὁρᾷς
686 1281 830 1362 πολλοὺς
841 1290 907 1349 τῶν
919 1286 1089 1349 πλουσίων
1106 1298 1164 1347 κα-

3 1422 5 1483 η
124 1387 336 1472 κοδαιμόνως
355 1388 528 1474 διάγοντας
546 1385 614 1453 ὑπὸ
632 1393 698 1453 τεόν
712 1384 908 1473 ἀλγηδόνων,
927 1383 1005 1464 τοὺς
1016 1386 1075 1470 μέν
1088 1381 1164 1451 οὐδὲ

128 1490 276 1577 βαδίζειν
294 1491 505 1573 δυναμένους,
531 1490 636 1568 ένίους
660 1491 696 1556 δὲ
717 1484 900 1576 τυφλοὺςή
922 1492 988 1559 τῶν
1011 1485 1166 1555 ἐντοσθι-

3 1570 5 1607 ί
125 1594 212 1661 δίων
229 1619 263 1659 τι
279 1589 476 1679 ἆλγοῦντας;
494 1588 548 1661 ότι
565 1591 699 1680 μὲνγὰρ
714 1590 771 1658 οόκ
786 1587 826 1658 όν
839 1591 930 1659 ἕλοιο
945 1592 1099 1658 πλουτῶν
1113 1589 1167 1668 δὶς

3 1696 4 1741 3
126 1701 290 1765 τοσοῦτον
307 1699 457 1785 πλοῦτον,
470 1690 571 1780 όμοια
588 1696 728 1778 πάσχειν
748 1695 930 1781 Φανομάχῳ
947 1696 995 1781 τῷ
1012 1695 1165 1779 πλουσίῳ

127 1801 187 1865 καὶ
209 1798 420 1886 θηλύνεσθαι
442 1796 489 1877 οἷς
511 1798 631 1875 ἐκεῖνος
654 1788 690 1864 τό
713 1793 803 1878 οῖδα,
827 1793 887 1864 κόν
908 1795 953 1884 μὴ
977 1796 1082 1883 ε’όπης.
1119 1793 1166 1862 έιό
1238 1864 1244 1870 ,

3 1936 4 1945 ¹
130 1905 237 1988 λέγειν
255 1896 337 1979 ὅσας
355 1899 535 1986 ἐπιβουλὰς
550 1899 635 1985 μετὰ
652 1907 711 1966 τοῦ
730 1900 876 1967 πλούτου
898 1902 954 1966 καλ
971 1896 1093 1987 λῃστὰς
1109 1899 1165 1964 καὶ

3 2056 5 2093 ,
129 2002 265 2093 φθόνον
291 2006 348 2069 καὶ
373 2016 473 2087 μῖσος
498 2001 592 2089 παρὰ
617 2009 684 2070 τῶν
709 2004 853 2071 πολλῶν.
898 1997 979 2089 δρᾷς
1005 2000 1083 2068 σόων
1110 2024 1168 2067 σοι

2 2098 5 2117 ²
129 2106 336 2192 πραγμάτων
355 2106 462 2185 α’ότιος
480 2103 499 2172 ό
516 2104 690 2194 θησαυρὸς
706 2111 849 2191 γίγνεται
855 2133 866 2186 ,·

185 2224 313 2279 ΑΔΕΙΜ.
339 2206 399 2276 Ἀεὶ
418 2209 457 2275 σά
476 2234 545 2293 μοι,
565 2199 597 2274 τό
610 2221 739 2288 Λυκῖνε,
758 2204 966 2285 ὑπεναντίος·
986 2200 1071 2272 ὥστε
1089 2199 1169 2270 οόδὲ

128 2308 333 2397 τὴνχοίνικα
350 2309 401 2377 ότι
418 2312 508 2399 λήψῃ
528 2310 562 2390 ἐς
578 2312 672 2388 τέλος
688 2332 752 2395 μου
770 2316 829 2397 τῆς
851 2305 945 2397 εόχής
966 2306 1166 2396 ἐπηρεάζων.

134 2464 139 2469 -
185 2427 269 2483 ΛΥΚ.
313 2420 415 2480 Τοῦτο
436 2415 495 2497 μὲν
516 2409 578 2501 ήδη
601 2410 785 2492 κατάντους
806 2409 951 2492 πολλοὺς
973 2417 1039 2478 ταῖν
1061 2412 1167 2476 πλον·

134 2519 216 2583 σίων
234 2511 358 2604 άναδόη
377 2518 433 2582 καὶ
451 2512 673 2594 άνακαλεῖς
639 2541 696 2603 την
717 2512 907 2598 ὑπόσχεσιν.
945 2512 1028 2581 ἀλλὰ
1045 2536 1085 2583 συ
1072 2508 1165 2600 ήδη

131 2613 154 2684 ό
172 2617 355 2701 Σάμιππος
374 2616 481 2700 εάχυυ.

185 2735 273 2795 EAM
305 2717 387 2807 Ἐγὼ
405 2722 500 2787 όδ-
458 2717 706 2809 -ήπειροίτης
719 2719 830 2844 γάρ’
800 2745 878 2806 ειμι,
896 2660 1009 2806 Αρκὰς
1028 2718 1166 2786 έκΜαν-
1184 2736 1221 2785 28

130 2828 270 2904 σενείας,
295 2820 342 2902 ὥς
360 2823 494 2890 ιστε-
510 2829 589 2890 ναῦν
610 2819 729 2906 μέν
692 2847 751 2889 ουκ
770 2822 895 2910 αἰτήσω
918 2846 977 2908 μοι
999 2826 1165 2909 γενέσθαι,

133 2921 174 3010 ,δήν
191 2947 228 3011 γε
244 2938 316 3004 τοῖς
334 2927 417 2992 πολί
404 2932 490 3004 ίταις
508 2924 618 2991 επιδεί
605 2927 746 3005 ίξσσθαι
763 2921 933 3006 ἀδύνατον,
957 2922 1043 2997 οόόδ
1053 2948 1167 3011 μικρο-

133 3028 320 3115 λογήσομαι
343 3027 428 3118 πρὸς
448 3025 528 3106 τοὺς
548 3024 652 3105 θεοὺς
674 3027 846 3115 θησαυρὸν
869 3029 970 3095 αἰετόν
991 3031 1047 3094 καί
1068 3050 1169 3112 μεμε-

132 3135 293 3218 τρημένον
307 3136 458 3220 χρυσίον·
478 3127 562 3199 ἀλλὰ
580 3126 732 3197 δόνανται
749 3126 812 3218 γὰρ
830 3130 941 3197 πάντα
955 3131 988 3196 ολ
1004 3133 1092 3210 θεοὶ,
1112 3132 1169 3196 καί

124 3231 179 3303 τὰ
205 3239 344 3320 μέγιστα
371 3231 455 3301 εἶναι
477 3233 649 3312 δοκοῦντα,
677 3234 733 3297 καί
759 3228 777 3297 ό
804 3232 904 3315 νόμος
929 3239 988 3320 τῆς
1014 3229 1108 3317 εόχής
1131 3230 1170 3298 ὃν

139 3336 305 3421 Τιμόλαος
328 3336 438 3425 ἐ’θηκε,
462 3336 574 3424 φήσας
594 3335 695 3422 μηδὲν
713 3330 817 3407 όκνεῑν
836 3334 947 3414 αἰτεῖν,
972 3330 1018 3413 ὡς
1041 3331 1172 3400 ἐκείνων

135 3438 224 3564 πρὸς
251 3438 345 3507 οόόδν
372 3438 605 3521 ἀνανευόντων,
640 3437 723 3505 αίτιό
756 3434 796 3525 δὴ
826 3435 982 3523 βασιλεὺς
1012 3441 1173 3563 γενέσθαι

137 3538 199 3624 οόχ
218 3541 253 3611 οῖ
252 3568 289 3623 ος
304 3541 511 3632 Αλέξανδρος
529 3539 547 3609 ό
564 3544 640 3609 Φιλί
627 3547 733 3613 ίππου
752 3566 772 3628 η
757 3536 1023 3626 Πτολεμαῖος
1009 3564 1028 3628 η
1022 3536 1174 3624 Μιθρι

126 3642 289 3732 «δάτης’“
266 3674 306 3751 η
311 3647 344 3716 εἴ
366 3672 417 3726 τις
439 3644 538 3723 άλλος
561 3643 830 3729 ἐκδεξάμενος
796 3671 854 3731 την
879 3647 1012 3729 βασιλεί
1013 3668 1051 3710 αν
1077 3640 1174 3729 παρὰ

136 3747 268 3838 πατρὸς
285 3740 395 3838 ἧρξεν
419 3745 503 3815 όλλά
519 3773 579 3834 μοι
596 3747 634 3815 τὸ
658 3754 791 3837 πρῶτον
809 3744 878 3814 άπὸ
901 3750 1053 3835 λῃστείας
1069 3741 1176 3829 άρξαΩ

138 3851 263 3938 μένην(
247 3866 375 3939 εταῖροι
392 3852 447 3918 καὶ
461 3851 649 3935 συνωμόται
666 3846 745 3917 ὅσον
760 3850 936 3937 τριάκοντα
953 3870 1069 3914 πιστοι
1058 3845 1176 3930 μάλα»
1209 3894 1219 3911 .

137 3957 195 4021 καί
217 3955 396 4040 πρόθυμοι
421 3960 646 4042 γενέσθωσαν,
676 3950 747 4020 εἶτα
768 3976 830 4018 κατ
826 3948 963 4038 ὀλίγον
985 3948 1173 4039 τριακόσιοι

138 4057 337 4144 προσιόντες
354 4054 432 4146 ἡμῖν
450 4053 545 4125 άλλοι
564 4053 614 4124 ἐπ’
625 4051 750 4139 άλλοις,
769 4052 840 4124 εἶτα
855 4057 957 4141 χίλιοι
973 4057 1029 4123 καλ
1045 4050 1114 4141 μετ’
1130 4049 1172 4119 οὗ
1231 4110 1235 4113 .
