2792 4580
97 269 107 280 ‚
232 195 298 262 καθ
349 260 354 271 ,
622 204 878 265 κοκκικοου
1063 256 1067 261 .

159 354 163 359 ,
234 311 266 381 δ’
282 306 337 384 ὦν.
369 311 499 401 ἐσθῆτα
516 312 553 381 δέ
575 311 647 381 οἰδα
669 309 777 380 οἰκέει
795 308 949 400 ἀνδρηίην
966 308 1090 395 ἰχουσι,
1114 307 1197 380 ἀλλὰ
1211 309 1259 381 εἰ·

232 415 323 501 ματά
348 440 384 483 τε
406 415 579 503 γυναικήια
589 419 762 540 φορέουσι
787 416 842 481 καί
868 413 946 503 ’έργα
972 420 1131 501 γυναικῶν
1152 413 1260 482 ἐπιτι-

233 522 356 586 λέουσι.
385 514 430 598 ὥς
449 518 486 585 δὲ
503 515 607 604 έγω”
584 542 711 606 ηκοοον,
732 514 902 587 ἀνακέεται
919 517 975 587 καὶ
987 516 1113 584 τούτων
1126 514 1160 596 ές
1172 526 1262 602 Κομι-

232 618 431 747 βδβονῆ’
396 625 499 708 αιτί·η
524 624 719 708 συνηνείχθη
741 620 803 710 γάρ
823 619 856 689 οἰ
872 622 928 686 καὶ
949 620 1040 686 τάδε.
1077 620 1162 706 ξείενη
1184 614 1258 706 γονή

234 722 268 802 ἐς
285 722 467 810 πανήγυριν
483 719 667 850 ἀπικομένη
683 723 800 790 ἰδοῦσα
813 723 912 791 καλόν
925 748 961 790 τε
976 718 1054 791 όντα
1066 723 1123 788 καί
1136 720 1262 808 ἰσθῆτα

234 824 285 893 ἐ’τι
307 822 460 913 ἀνδρηίην
483 824 597 908 έχοντα
621 824 719 915 ε’ρωτι
739 825 920 913 μεγάλην
895 824 1012 907 είχετο,
1036 822 1120 908 μετὰ
1144 824 1180 891 δέ
1200 848 1263 910 μα-

176 944 180 951 ’
232 933 348 995 θοῦσα
365 923 483 994 ἀτελέα
501 927 596 996 ἰόντα
618 925 741 1015 έωυτῆν
764 927 985 1015 διειργάσατο.
1021 922 1071 994 ἐπ’
1088 922 1158 993 οἶσι
1174 934 1263 1010 Κομ-

233 1029 339 1115 βάβος
362 1026 534 1114 ἀθυμέων,
564 1025 618 1098 ότι
639 1031 672 1098 οἰ
694 1026 838 1113 ἀτυχέως
859 1026 902 1096 τά
925 1028 957 1109 ές
971 1026 1166 1116 Ἀφροδίτην
1188 1025 1261 1110 ἐ’χει,

235 1131 365 1220 ἐσθῆτα
389 1138 575 1222 γυναικηίην
602 1133 792 1210 ἐνεδύσατο,
820 1127 906 1211 όκως
931 1136 1046 1218 μηκέτι
1072 1129 1166 1220 ἑτέρη
1189 1125 1263 1217 γυνή

232 1235 293 1302 'loa
312 1234 515 1323 ἐξαπατῷτο.
551 1233 611 1324 ῆδε
629 1236 717 1324 αἰτίη
735 1237 895 1304 Γάλλοισι
913 1237 1032 1323 στολῆς
1049 1236 1185 1321 θηλέης.

286 1339 466 1424 Κομβάβου
484 1344 543 1423 μέν
560 1365 620 1424 μοι
637 1345 716 1429 πέρι
737 1339 859 1407 τοσάδε
881 1337 1045 1427 εἰρήσθω,
1071 1337 1209 1404 Γάλλων
1232 1335 1266 1402 δέ

235 1431 330 1520 αύτις
356 1439 419 1527 έγώ
446 1440 533 1533 λόγῳ
560 1440 688 1530 ύστέρηι
715 1442 925 1530 μεμνήσομαι
955 1446 1059 1527 τομῆς
1083 1465 1123 1506 τε,
1151 1434 1265 1524 αύτιδν,

235 1536 321 1622 όκως
339 1544 530 1627 τάμνονται,
550 1549 606 1613 καὶ
622 1552 740 1635 ταφῆς,
761 1543 872 1633 ὁκοίην
891 1544 1096 1623 θάπτονται,
1119 1544 1176 1608 καί
1194 1536 1266 1609 ὅτευ
1292 1622 1302 1643 ἱ

235 1643 386 1712 εἰνεκεν’
372 1671 405 1726 ες
421 1645 460 1712 τὸ
481 1645 551 1736 ἱρὸν
566 1645 625 1716 ούκ
639 1647 840 1737 ἐσέρχονται
859 1647 1021 1737 πρότερον
1035 1646 1072 1712 δέ
1084 1658 1149 1729 μοι
1161 1641 1270 1728 θυμὸς

235 1745 342 1814 εἰπεῖν
359 1748 479 1828 θέσιός
495 1773 531 1815 τε
525 1755 640 1873 aba·
650 1757 709 1818 τοῦ
732 1776 811 1838 νηοο
797 1752 883 1817 καί
902 1748 1082 1885 μεγάθεος,
1109 1750 1168 1816 καὶ
1190 1747 1271 1835 δῆτα

180 1862 184 1875 “
236 1846 328 1938 έρέω.

184 1970 218 2020 28
284 1948 389 2036 Ὁμέυ
404 1958 512 2041 χῶρος
527 1951 635 2037 αὐτὸς,
656 1954 689 2023 έν
703 1981 750 2042 την
764 1981 803 2023 το
819 1952 888 2043 ἱρὸν
901 1954 1041 2043 ἵδρυται,
1061 1951 1176 2042 λόφος
1194 1951 1271 2033 ἐστὶ,
1289 1957 1294 1963 ’

234 2057 344 2121 κέεται
362 2055 399 2121 δὲ
416 2054 498 2123 κατὰ
515 2060 616 2140 μέσον
633 2064 691 2145 τῆς
708 2057 828 2137 πόλιος
844 2057 1002 2141 μάλιστα,
1026 2060 1083 2123 καί
1112 2057 1147 2123 οἱ
1167 2060 1274 2137 τείχεα

235 2154 312 2224 δοιὰ
330 2162 528 2247 περικέεται.
563 2167 630 2249 τῶν
653 2160 689 2227 δὲ
713 2164 845 2243 τειχέων
861 2157 901 2226 τὸ
918 2160 978 2243 μέν
1000 2156 1154 2247 ἀρχαῖον,
1178 2156 1218 2227 τὸ
1240 2155 1275 2223 δὲ

235 2255 272 2326 ού
301 2258 425 2329 πολλὸν
451 2258 560 2349 ῆμέων
586 2262 819 2353 πρεσβύτερον.
855 2260 898 2329 τά
925 2262 962 2329 δέ
987 2262 1191 2350 προπύλαια
1215 2263 1273 2327 τοῦ

236 2363 308 2451 ἱροῦ
327 2361 360 2442 ές
379 2359 498 2448 ἀνεμον
514 2370 632 2454 βορέην
650 2362 864 2433 ἀποκέκλιται
880 2369 1030 2450 μέγαθος
1048 2357 1131 2432 ὅσον
1149 2389 1186 2431 τε
1200 2361 1273 2431 έκα·
1366 2444 1367 2451 ρ

232 2462 292 2532 τὸν
320 2461 488 2552 ὀργυιέων.
534 2466 566 2535 ἰν
593 2468 744 2537 τούτοισι
769 2480 860 2537 τοῖσι
885 2468 1140 2557 προπυλαίοισι
1157 2468 1216 2534 καὶ
1241 2461 1273 2533 οἱ

175 2653 178 2658 ¹
235 2560 360 2654 φαλλοὶ
376 2566 491 2636 ἑστᾶσι
508 2567 586 2650 τοὺς
602 2572 765 2652 Διόνυσος
783 2570 960 2658 ἐστήσατο,
979 2565 1108 2657 ἡλικίην
1127 2572 1186 2637 καὶ
1199 2568 1275 2636 οἵδε

234 2666 602 2757 τριήκονταάργυιέωντ
620 2671 654 2752 ές
670 2675 795 2742 τούτων
812 2670 869 2740 τὸν
888 2672 944 2740 ἕνα
958 2668 1086 2761 φαλλὸν
1100 2669 1184 2762 ἀνὴρ
1200 2665 1275 2738 έκά-

235 2795 315 2839 στου
343 2771 433 2852 έτεος
460 2773 511 2853 δὶς
537 2770 707 2864 ἀνέρχεται
729 2777 829 2844 οἰκέει
849 2794 893 2842 τε
908 2774 941 2842 ἰν
963 2770 1052 2863 ἀκρφ
1080 2782 1131 2862 τῷ
1156 2776 1276 2864 φαλλῷ

232 2869 350 2962 χρόνον
368 2873 455 2942 ἑπτὰ
471 2872 627 2964 ἡμερέων.
665 2878 753 2966 αἰτίη
774 2878 811 2943 δέ
829 2877 863 2944 σί
879 2883 938 2966 τῆς
956 2874 1077 2945 ἀνόδου
1102 2872 1167 2966 ῆδε
1187 2879 1278 2964 λέγε-

234 2995 305 3043 ται·
325 2977 358 3042 οἱ
373 2977 434 3061 μέν
451 2981 572 3051 πολλοὶ
588 2982 758 3065 νομίζουσι
776 2975 830 3047 ότι
846 2976 937 3067 ύψοῦ
955 2992 1046 3048 τοῖσι
1062 2986 1187 3048 θεοῖσι
1202 2977 1278 3064 δμι-

234 3080 302 3147 λέει
319 3082 374 3145 καὶ
391 3076 509 3167 ἀγαθὰ
526 3083 619 3172 πόση
637 3088 739 3173 Συρίῃ
759 3083 876 3164 αἰτέει,
902 3081 936 3150 οἰ
958 3082 994 3149 δέ
1011 3088 1077 3150 τῶν
1102 3079 1278 3166 εάχωλέων
1306 3154 1308 3159 ‚

235 3177 378 3268 ἀγχόθεν
401 3181 568 3253 έπαίοοσι.
610 3180 741 3254 ἀλλοισι
769 3186 804 3253 δέ
831 3187 938 3259 δοκέει
964 3188 1019 3251 καὶ
1040 3185 1125 3253 τάδε
1149 3195 1279 3255 Δευκα-

233 3286 351 3366 λίωνος
376 3286 495 3356 εἵνεκεν
520 3292 717 3371 ποιέεσθαι,
750 3287 816 3356 έκεί
803 3294 872 3376 ίνης
899 3294 1072 3411 συμφορῆς
1103 3289 1275 3376 μνήματα,

196 3402 201 3411 ’
234 3382 330 3455 ὁκότε
349 3388 383 3455 οἰ
400 3384 612 3476 ἀνθρωποι’
597 3417 631 3470 ες
648 3390 690 3458 τά
709 3389 808 3480 ούρεα
825 3418 881 3459 και
870 3388 986 3471 ές
950 3418 992 3458 τα
1005 3393 1198 3481 περιμήκεα
1211 3394 1279 3461 τῶν

235 3487 433 3578 δενδρέων”
410 3515 525 3580 ηεισαν
542 3491 581 3560 τὸ
599 3492 723 3561 πολλὸν
740 3488 830 3583 ὕδωρ
850 3490 1080 3619 ἀρρωδέοντες.
1121 3492 1202 3580 έμοί
1219 3494 1279 3579 μέν

234 3617 280 3659 ων
298 3593 353 3658 καί
369 3592 489 3661 τάδε’
469 3620 520 3663 απ
521 3600 640 3677 ίθανα,
664 3597 766 3665 δοκέω
783 3622 821 3683 γε
837 3596 901 3685 μήν
914 3597 1066 3684 Διονύσῳ
1088 3602 1203 3686 σφέας
1220 3595 1278 3662 καί

208 3693 314 3761 τάδε
336 3700 473 3764 ποιέειν.
510 3698 805 3784 σομβάλλομαιδέ
830 3699 994 3768 τούτοισι
1021 3695 1223 3790 φαλλοδς“
1202 3721 1279 3767 οσοι

233 3797 385 3884 Διονύσῳ
409 3797 626 3888 έγείρουοι,ἐ
626 3813 754 3869 ντοῖοι
776 3804 935 3892 φαλλοῖσι
956 3805 1013 3870 καὶ
1035 3800 1167 3891 ἀνδρας
1190 3802 1280 3884 ξυλί-

233 3922 310 3977 νους
331 3924 392 3966 κατ
394 3899 559 3983 ίζοοσι,“
539 3929 613 3972 οτεο
635 3905 695 3989 μέν
717 3905 834 3974 εἵνεκεν
856 3903 976 3993 έγὼ’
939 3932 998 3976 ουκ
1020 3904 1127 3995 έρέιο,
1154 3906 1280 3973 δοκέειν

233 3989 306 4063 δ’
278 4024 323 4067 ων
338 4026 408 4087 μοι,
427 4007 483 4071 καί
501 4000 558 4075 όδε
576 4006 610 4088 ἐς
628 4006 694 4076 έκεί
680 4011 749 4076 ίνοο
766 4013 905 4099 μίμησιν
922 4034 980 4078 του
966 4011 1138 4094 ξυλίνου
1159 3999 1280 4094 ἀνδρὸς
