2782 4574
126 211 131 215 ·
232 196 278 266 84
454 196 456 203 “
623 208 882 266 Δουαυκυοκ

231 318 318 407 μηδέ
336 314 487 410 δρᾶσθαι
503 320 621 403 θέμις,·
643 313 746 382 ἐκεῖνό
766 337 822 382 σοι
837 315 938 399 μόνον
956 312 1074 404 σοφὸν,
1095 304 1132 382 αἱ
1149 317 1271 385 πολιαί

231 420 337 489 καὶ
304 447 342 488 το
360 425 476 509 μηκέτι
492 413 767 542 μελαίνεσθαι,
740 443 787 497 ως
804 417 1026 506 προκάλυμμα
1040 413 1160 495 εἶεν
1118 444 1177 506 της
1189 420 1272 504 βδε-

144 585 149 593 ,
228 528 357 614 λσρίας.
384 529 453 648 φοί
439 525 512 592 ίδου
531 514 585 623 δή
590 516 698 588 αύτιύν
716 518 802 609 πρὸς
821 519 902 600 Διὸς
918 516 979 589 κάν
995 519 1114 608 τούτῳ,
1133 523 1189 588 καὶ
1201 521 1270 606 μά-

230 630 329 697 λιστα
345 633 407 696 τού
423 624 584 714 πώγωνος
597 620 708 705 αύτοῦ,
727 624 812 711 μηδὲ
823 621 942 713 μιάνῃς
956 622 1006 690 ἐ’τι
1017 624 1102 712 μηδὲ
1114 620 1193 713 ύβρί
1193 643 1269 712 σης·

231 730 264 799 εί
280 729 375 799 δλ
334 757 395 819 μη,
419 727 454 797 έν
469 733 561 798 νυκτί
576 752 613 815 γε
629 730 686 797 καὶ
702 724 761 795 σὺν
779 726 901 814 σκότῳ,
924 723 1019 793 τὸδὲ
1039 723 1117 811 μεθ’
1132 723 1267 817 ἡμέραν,

231 830 353 922 ἀπαγε,
371 827 532 921 κομιδῇ”
510 854 622 919 αγριον
639 832 695 896 καὶ
712 829 891 955 θηριῶδες.

181 958 215 1008 82
281 932 415 1036 Ὁρᾷς
389 961 436 1014 αις
454 931 586 1018 ἀμοινον
602 924 641 1020 ἦν
659 957 715 1000 σοι
737 929 886 1020 ἀκίνητον
908 928 966 1021 τὴν
982 931 1176 1021 Καμάριναν
1199 930 1267 1015 δάν,
1339 1008 1340 1013 1

231 1039 316 1127 μηδὲ
328 1029 560 1127 καταγελᾶν
520 1062 579 1123 της
593 1030 844 1125 ἀποφράδοςο
822 1063 842 1124 η
858 1055 913 1103 σοι
927 1031 1157 1160 ἀποφράδα
1124 1061 1181 1102 τον
1193 1040 1271 1120 β
1377 1102 1378 1113 ,

233 1135 310 1208 όλον
329 1138 511 1229 ἐργάσεται.
547 1135 637 1225 ήέτι
653 1137 802 1226 προσδεῖ
812 1162 917 1221 τινος,·
940 1133 986 1217 ὡς
1006 1138 1045 1205 τό
1064 1161 1101 1224 γε
1115 1134 1253 1221 &ubst
1212 1160 1272 1204 ου-

232 1266 317 1310 ποτε
336 1241 422 1310 ἐίλλε
408 1249 492 1329 ίψει.
529 1237 662 1308 ούδέπω
680 1247 757 1328 γοῦν
776 1237 925 1309 οἶσθαε
899 1266 945 1321 ως
964 1237 1092 1329 ὅλην
1058 1267 1117 1330 την
1139 1235 1272 1325 ἅμαξαν
1377 1242 1378 1245 ’

233 1340 432 1427 ἐπεσπάσω,
458 1346 545 1437 δέον,
571 1334 599 1409 ὦ
621 1344 827 1430 παιπάλημα
848 1346 903 1411 καὶ
924 1345 1070 1426 κίναδος,
1092 1340 1272 1431 ύποπτήσ-
1375 1358 1378 1367 ’

234 1471 312 1530 στιν,
333 1447 367 1515 εἴ
380 1472 432 1526 τις
450 1443 530 1535 ἀνὴρ
549 1444 652 1525 δασύς
668 1448 724 1514 καὶ
741 1454 841 1514 τοῦτο
860 1444 957 1534 δήτὸ
976 1443 1122 1536 ἀρχαῖον,
1141 1446 1272 1531 μελάμ-

156 1604 160 1613 .
232 1573 339 1636 πυγος
366 1546 463 1634 δριμὺ
490 1549 591 1633 μόνον
618 1548 661 1628 ές,
674 1551 713 1617 σὲ
739 1545 973 1637 ἀποβλέψειεν.
1018 1549 1102 1629 ἰ’σως
1126 1547 1190 1637 ήδη
1211 1550 1271 1616 καὶ
1377 1610 1378 1615 ,

179 1669 186 1676 “
231 1658 337 1718 ταῦτα
354 1650 486 1739 γελάσῃ,
505 1649 546 1718 τὸ
563 1652 767 1740 παιπάλημα
780 1654 835 1719 καὶ
851 1650 892 1719 τὸ
904 1653 1044 1733 κίναδος,
1065 1647 1179 1739 ὥσπερ
1193 1649 1270 1719 τινὰ

234 1753 410 1840 αἰνίγματα
431 1756 488 1820 καὶ
508 1758 650 1843 γρίφους
672 1751 831 1833 ἀκούσας·
859 1751 1009 1841 ἀγνωστα
1032 1757 1094 1842 γάρ
1119 1779 1176 1822 σοι
1201 1760 1271 1821 τῶν

190 1882 196 1891 ’
234 1862 301 1924 σῶν
320 1855 423 1943 έργων
437 1853 480 1921 τὰ
498 1851 655 1940 όνόματα.
693 1852 780 1924 ὥστε
798 1851 869 1946 ὥρα
886 1855 957 1946 ήδη·
971 1859 1027 1924 καὶ
1047 1864 1153 1925 ταῦτα
1171 1880 1272 1924 συκο-

233 1966 379 2047 φαντεῖν,
399 1957 430 2024 εἰ
446 1955 492 2044 μὴ
509 1964 632 2049 τριπλῇ
649 1962 705 2026 καὶ
722 1962 889 2050 τετραπλῇ
905 1984 959 2029 σοι
973 1957 992 2048 ἡ
1007 1956 1167 2048 ἀποφράς
1181 1956 1271 2026 έκτέ-
1374 1988 1377 2005 ·

159 2090 163 2097 ¹
233 2085 329 2129 τικεν.
366 2059 463 2127 αἰτιῶ
483 2057 514 2127 δ’
531 2052 588 2128 ούν
606 2060 744 2130 σεαυτὸν
763 2060 819 2129 έπλ
837 2068 956 2131 πᾶσιν·
979 2059 1025 2142 ὥς
1045 2059 1108 2152 γὰρ
1131 2058 1151 2130 δ
1169 2060 1271 2141 καλὸς

233 2158 419 2252 Εύριπίδης
436 2164 541 2249 λέγειν
558 2163 689 2247 εἴωθεν,
714 2161 875 2248 ἀχαλίνων
893 2166 1067 2250 στομάτων
1087 2167 1144 2234 καλ
1162 2161 1271 2255 ἀφρο·

233 2266 333 2363 σύνης
350 2267 405 2333 καὶ
424 2261 562 2353 ἀνομίας
579 2264 618 2335 τὸ
636 2269 730 2348 τέλος
748 2270 907 2354 δυστυχία
923 2273 1077 2358 γίγνεται.

404 2573 407 2581 ,
521 2522 648 2589 ΠΕΡΙ
674 2521 980 2593 ΤΟΥὈΙΚΟΥ.

200 2700 217 2751 1
285 2672 372 2744 Εἶτα
386 2671 594 2766 Ἀλέξανδρος
614 2677 674 2761 μὲν
698 2677 909 2765 ἐπεθύμησεν
931 2678 964 2747 έν
986 2686 1033 2766 τῷ
1051 2678 1169 2766 Κύδνῳ
1192 2676 1271 2746 λού-

235 2786 367 2848 σασθαι
383 2780 483 2847 καλόν
499 2805 536 2847 τε
553 2781 608 2846 καλ
628 2780 744 2868 διαυγῆ
756 2774 814 2849 τδν
827 2777 980 2867 ποταμὸν
995 2780 1074 2851 ἰδὼν
1087 2784 1144 2849 καὶ
1157 2778 1271 2872 ἀσφα-

233 2884 301 2961 λῶς
320 2880 432 2967 βαθύν
453 2884 510 2948 καὶ
532 2889 707 2977 προσηνῶς
730 2880 805 2965 ὀξὺν
830 2887 886 2952 καλ
912 2887 1081 2973 νήξασθαι
1107 2880 1187 2972 ἡδὺν
1213 2886 1271 2952 καὶ

153 2995 157 3000 ’
233 2987 357 3072 θέρους
375 2978 600 3074 ιῖύρφψυχρδν,
622 2980 782 3052 ὥστεκαὶ
800 2984 858 3054 έπλ
876 2988 1034 3077 προδήλῳ
1053 2994 1093 3077 τῇ
1111 2986 1271 3075 νόσῳῇν
1378 3042 1379 3045 ¹

234 3084 387 3173 ένόσησεν
406 3082 463 3154 ἀνά
476 3082 593 3169 αύτού,
618 3089 710 3155 δοκεῖ
724 3114 785 3173 μοι
803 3086 862 3156 ούκ
884 3087 924 3156 ἀν
941 3096 1000 3158 τού
1018 3092 1157 3179 λουτροῦ
1182 3085 1272 3157 ἀπο-

233 3193 392 3272 σχέσθαι·
416 3186 505 3258 ολκον
523 3192 561 3257 δέ
576 3216 628 3270 τις
647 3190 726 3259 ἰδὼν
747 3197 886 3279 μεγέθει
906 3197 1060 3281 μέγιστον
1082 3195 1138 3259 καὶ
1155 3192 1270 3260 κάλλει

232 3293 406 3360 κάλλιστον
422 3296 479 3360 καὶ
497 3298 586 3382 φωτὶ
600 3293 823 3383 φαιδρότατον
836 3299 892 3363 καὶ
902 3302 1015 3385 χρυσῷ
1030 3295 1270 3365 στιλπνότατον

233 3397 289 3461 καλ
305 3408 451 3484 γραφαῖς
468 3392 696 3485 ἀνθηρότατον
715 3395 774 3464 ούκ
791 3395 831 3466 ἀν
854 3398 1076 3488 ἐπιθυμήσειε
1098 3399 1217 3486 λόγους
1236 3398 1270 3466 έν

234 3494 323 3584 αύτῷ
347 3498 548 3581 διαθέσθαι,
573 3500 604 3567 εἰ
624 3500 718 3587 τύχοι
739 3504 818 3590 περὶ
838 3502 978 3584 τούτους
1000 3504 1188 3592 διατρίβων,
1212 3502 1270 3567 καί

234 3599 483 3689 ἐνευδοκιμῆσαι
504 3605 560 3670 καλ
587 3602 886 3694 ἐλλαμπρύνασθαι
911 3608 967 3673 καὶ
991 3612 1073 3694 βοής
1099 3604 1271 3691 ἐμπλῆσαι
1378 3640 1379 3645 1

232 3706 288 3770 καὶ
306 3699 352 3782 ὥς
370 3703 418 3772 ένι
438 3705 585 3790 μάλιστα
606 3711 661 3774 καὶ
683 3705 783 3788 αὐτὸς
802 3714 903 3797 μέρος
919 3715 979 3777 τοῦ
1001 3710 1142 3787 κάλλους
1164 3704 1269 3774 αὐτοῦ

232 3811 402 3893 γενέσθαι,
435 3807 520 3876 ἀλλὰ
546 3811 796 3899 περισκοπήσας
827 3809 971 3900 ἀκριβῶς
1000 3814 1057 3878 καλ
1083 3809 1269 3896 θαυμάσας

232 3908 333 3993 μόνον
355 3906 481 3994 ἀπεισι,
504 3911 618 4002 κωφὸν
641 3911 742 3982 αύτὸν
757 3918 813 3981 καλ
834 3913 953 4002 ἀλογον
974 3911 1167 3982 καταλιπὼν
1183 3913 1269 4001 μήτε

233 4012 428 4100 προσειπὼν
453 4016 537 4106 μήτε
563 4017 829 4107 προσομιλήσας,
858 4014 972 4106 οἵσπερ
997 4044 1050 4099 τις
1077 4009 1268 4104 άναυδοςῆ
