2782 4574
748 154 751 159 «
950 148 957 177 ν

258 232 395 291 LXVIII.
422 234 522 291 ΠΕΡΙ
542 234 636 290 ΤΗΣ)
649 235 796 291 ΠΕΡΕΓ.
816 189 906 290 m
924 235 1045 292 26-32.
1103 225 1167 291 169

130 338 181 422 ιός
206 345 269 426 μοί
294 366 346 420 τις
370 346 436 408 τῶν
459 339 598 464 ἑταίρων
625 335 817 429 ἀπήγγειλε,
840 342 896 408 καί
918 344 1080 467 Σίβυλλαν
1102 342 1168 433 ἔφη

12 434 17 509 1³
68 468 70 471 ·
130 448 366 569 προειρηκέναι
395 445 475 533 περὶ
504 443 645 511 τούτων·
680 446 737 511 καλ
766 441 809 510 τὰ
835 442 898 533 έπη
924 442 988 535 γάρ
1019 440 1169 535 ἀπεμνη-

131 548 285 633 μόνενεν·

171 644 290 717 Am*
274 647 401 716 οπόταν
417 647 574 739 Πρωτεὺς
590 656 727 717 κυνικῶν
744 645 791 734 όχ’
808 646 944 741 ἀριστος
961 646 1126 734 ἀπάντων,

175 750 280 840 Ζηνὸς
298 750 497 840 ἐριγδούπου
515 756 648 836 τέμενος
665 752 750 820 κάτα
767 759 834 839 πῦρ
853 750 1054 836 ἀνακαύσας,

177 854 211 934 ἐς
230 854 340 942 φλόγα
358 854 512 941 πηδήσας
530 854 613 944 ἐ’λθῃ
633 854 666 934 ές
683 854 807 945 μακρὸν
818 852 990 942 Ὄλυμπον,

177 955 217 1044 δή
236 957 314 1024 τότε
332 956 459 1037 πάντας
477 953 582 1042 ὅμως,
602 961 637 1025 οἳ
654 954 797 1045 ἀρούρης
812 957 940 1047 καρπὸν
958 958 1080 1043 ἐ’δοοσι,

175 1057 375 1127 νυκτιπόλον
391 1066 489 1143 τιμᾶν
507 1063 644 1145 κέλομαι
662 1055 757 1148 ήρωα
773 1065 928 1182 μέγιστον

177 1162 360 1251 σύνθρονον
374 1159 541 1250 Ἡφαίστῳ
559 1165 614 1229 καὶ
629 1159 821 1252 Ἡρακλήϊ”
798 1189 922 1230 ανακτι.

11 1278 12 1331 J
130 1270 239 1333 ταῦτα
260 1265 320 1349 μὲν
344 1269 501 1352 Θεαγένης
521 1265 684 1362 Σιβύλλης
707 1262 948 1392 ἀκηκοέναι]
902 1272 1002 1353 φνσίν
985 1265 1108 1352 ν·έγὼ
1131 1267 1168 1334 δδ
1186 1288 1222 1337 30
1277 1284 1280 1289 “

130 1366 277 1445 Βάκιδος
304 1364 394 1454 αύτῷ
419 1363 565 1456 χρησμὸν
591 1364 675 1455 ὑπὲρ
702 1368 828 1435 τούτων
857 1367 932 1458 ἐρῶ
974 1372 1057 1457 φησὶ
1084 1365 1165 1436 δδὸ

130 1469 237 1548 Βάκις
255 1463 340 1536 ούτω
359 1459 544 1558 σφόδρα3
510 1494 546 1536 ευ
566 1467 724 1552 ἐπειπὼν,

172 1568 252 1640 Ἀλλ’
274 1568 401 1641 ὁπόταν
418 1571 547 1651 κυνικὸς
564 1573 783 1657 πολυώνυμος
801 1571 835 1652 ές
853 1571 962 1662 φλόγα
979 1572 1105 1662 πολλήν

178 1674 328 1763 πηδήσῃ,
349 1675 446 1763 δόξης
463 1671 520 1743 ὕπ’
541 1673 645 1763 έρινύῑ
661 1673 774 1760 θνμδν
793 1672 954 1765 ὀρινθείς,

59 1797 62 1801 ’
176 1776 217 1865 δὴ
236 1777 312 1847 τότε
330 1775 406 1856 τοὺς
425 1772 544 1857 ἀλλους
560 1779 806 1861 κυναλώπεκας,
827 1779 864 1845 οἵ
879 1778 913 1846 οἱ
930 1777 1066 1847 ἕπονται
1071 1831 1080 1862 ,

175 1886 359 1964 μιμεῖσθαι
373 1877 434 1968 χρή
453 1880 582 1965 πότμον
600 1877 836 1966 ἀποιχομένοιο
855 1882 978 1949 λύκοιο.

178 1980 216 2060 ὃς
235 1983 271 2048 δέ
288 2007 323 2048 κε
342 1979 451 2062 δειλὸς
469 1981 530 2051 έών
550 1983 653 2072 φεύγῃ
671 1989 770 2069 μένος
782 1981 990 2072 Ἡφαίστοιο,

144 2142 148 2147 .
177 2084 312 2152 λάεσσιν
328 2087 459 2171 βαλέειν
476 2091 592 2153 τοῦτον
608 2087 694 2168 τάχα
711 2086 840 2164 πάντας
855 2083 1016 2168 Ἀχαιοὺς,

177 2184 224 2267 ὥς
241 2184 286 2274 μὴ
305 2185 432 2274 ψυχρός
451 2185 513 2255 ἐῶν
530 2187 950 2276 θερμηγορέεινέπιχειρῇ,
1051 2216 1062 2227 “

174 2298 286 2379 χρυσῷ
306 2290 489 2375 σαξάμενος
505 2290 622 2378 πήρην,
641 2291 733 2375 μάλα
749 2287 860 2358 πολλὰ
878 2290 1041 2371 δανείζων,

178 2393 212 2462 έν
229 2397 344 2474 καλαῖς
362 2393 545 2478 Πάτραισιν
564 2392 644 2475 έχων
662 2395 733 2479 τρίς
750 2398 847 2461 πέντε
865 2393 1019 2460 τάλαντα.

132 2504 169 2565 τί
194 2496 272 2582 ῦμῖν
295 2499 397 2578 δοκεῖ,
423 2493 555 2587 ἀνδρες,·
582 2488 649 2586 ἀρα
670 2498 877 2587 φαυλότερος
900 2496 1128 2593 χρησμολόγος
1150 2494 1171 2564 ό

131 2600 238 2680 Βάκις
262 2606 321 2688 τής
342 2598 505 2688 Σιβύλλης
527 2597 627 2685 εἶναι,·
655 2596 741 2668 ὥστε
763 2597 835 2689 άίρα
861 2612 933 2680 τοῖς
958 2606 1173 2686 θαυμαστοῖς

131 2704 267 2825 τούτοις
291 2700 464 2790 ὁμιληταῖς
485 2710 545 2771 τοῦ
562 2708 725 2793 Πρωτέως
747 2715 983 2794 περισκοπεῖν
974 2701 1071 2771 ’ένθα
1093 2700 1171 2769 Iav-

105 2805 213 2885 ,τοὺς
231 2805 468 2894 έξαεριόσονσι
494 2812 594 2875 τοῦτο
611 2805 673 2897 γὰρ
692 2805 752 2896 τήν
768 2813 884 2875 καῦσιν
901 2800 1069 2874 καλοῦσι.”

195 2906 289 2976 Τοῦτ
315 2907 469 2988 εἰπόντος
495 2903 678 2997 ἀνεβόησαν
704 2908 738 2977 οἱ
763 2915 984 2998 περιεστῶτες
1016 2896 1173 2992 ἅπαντες,
1189 2929 1220 2978 31

129 3009 218 3100 ’ήδη
246 3016 444 3079 καέσθωσαν
471 3006 562 3091 ἀξιοι
587 3019 646 3079 τοῦ
672 3009 809 3101 πυρός’
850 3007 946 3077 καὶ(
928 3038 947 3078 ο
969 3012 1029 3095 μέν
1050 3017 1168 3101 κατέβη

14 3197 17 3201 ‚
132 3111 286 3204 γελῶν,“
289 3110 538 3203 Νέστοραδ)’
502 3139 560 3181 ουκ
578 3113 730 3182 έλαθεν’
717 3110 822 3201 tono),³³
842 3112 899 3181 τὸν
914 3119 1079 3201 θεαγένην,
1100 3111 1168 3181 ἀλλ’

135 3215 183 3298 ὦς
209 3213 327 3305 ήκονσε
348 3223 407 3305 τής
427 3221 522 3304 βοής,
550 3206 625 3303 ήκεν
646 3211 749 3294 εῦθὺς
773 3218 829 3282 καί
857 3213 981 3301 ἀναβὰς
1008 3214 1174 3302 έκεκράγει

134 3323 192 3387 καί
208 3325 311 3408 μυρίοι
328 3318 411 3387 κακὰ
430 3319 551 3408 διεξῄει
568 3320 724 3407 περὶτοῦ
745 3317 1020 3406 καταβεβηκότος·
1048 3314 1095 3385 οδ
1108 3316 1171 3406 γάρ

136 3420 215 3491 οἶδα
242 3418 335 3503 ὅστις
357 3419 374 3492 ό
396 3426 567 3509 βέλτιστος
590 3421 710 3501 ἐκεῖνος
733 3420 890 3490 ἐκαλεῖτο.
927 3418 990 3545 ἐγὼ
1014 3422 1051 3489 δέ
1073 3418 1174 3511 ἀφεὶς

137 3524 239 3594 αὐτὸν
266 3523 581 3615 διαρρηγνύμενον’
561 3527 681 3615 απήειν
709 3522 876 3613 ὀψόμενος
900 3522 979 3605 τοῦς
1005 3522 1171 3612 ἀθλητάς

136 3626 257 3717 ήδη“
222 3656 284 3717 γαρ
308 3630 341 3696 ολ
359 3628 582 3698 Ἑλλανοδίκαι
604 3627 750 3716 ἐλέγοντο
774 3625 858 3697 εἶναι
875 3627 914 3696 έν
935 3635 983 3715 τη]
1006 3630 1170 3763 πλεθρίῳ.

136 3741 243 3800 ταῦτα
259 3737 318 3817 μέν
337 3757 392 3803 σοι
409 3759 451 3799 τα
436 3730 502 3800 “έν
512 3727 630 3798 Ἤλιδι.

187 3833 280 3903 Ἐπεὶ
306 3837 343 3903 δὲ
366 3833 458 3915 ές“
425 3861 483 3923 την
502 3830 678 3918 Ὀλυμπίαν
704 3832 913 3924 ἀφικόμεθα,
941 3827 1063 3918 μεστὸς
1087 3822 1126 3921 ἦν
1152 3827 1225 3903 δεκ

139 3935 377 4023 ὀπισθόδομος
389 3944 455 4005 τῶν
468 3938 732 4026 κατηγορούντων
741 3941 903 4025 Πρωτέως
915 3933 936 4025 ή
951 3933 1172 4004 ἐπαινούντων

136 4039 199 4131 τήν
221 4046 416 4133 προαίρεσιν
439 4039 555 4124 αὐτοῦ,
584 4036 742 4109 ὥστεκαὶ
761 4038 794 4120 ές
812 4052 925 4132 χεῖρας
943 4036 1051 4109 αῦττῦν
1067 4029 1176 4129 ἦλθον
