2782 4574
254 230 318 298 172
645 245 902 302 ΛΟΥΚΙΑΝΟΥ

252 350 367 432 πάσας
384 349 475 430 τινὰς
494 350 646 436 ἐμβαλεῖν
665 349 753 430 ἐςτὸ
772 357 848 440 πῦρ,
870 346 915 430 ὥς
929 346 1117 418 ἀν’ἐποιντο
1131 355 1179 438 τῷ
1195 338 1287 445 δυδα-

256 453 377 541 σκάλῳ,
399 452 587 523 ἐπαύσαντο
603 456 660 520 καὶ
678 453 805 542 εἰρήνην
822 445 910 542 ήγυν.
1372 450 1373 457 '

114 582 116 587 ·
202 575 236 624 38
303 553 384 643 Ἐγώ
404 558 440 624 δὲ
459 554 604 624 ἐπανιὼν
621 559 766 637 ποικίλα,
788 547 815 622 ὦ
834 555 952 641 ἑταῖρε,
968 553 1059 645 ’πρὸς
1077 553 1219 642 ἐμαυτὸν
1239 555 1289 624 ἐν-
1372 608 1373 615 1

255 658 377 742 ενόουν,
407 658 445 726 τὸ
469 659 648 748 φιλόδοξον
671 657 742 726 οἷόν
763 664 798 726 τί
819 658 907 727 ἐστιν
930 651 1215 746 ἀναλογιζόμενος,
1243 655 1290 738 ιός
1372 678 1373 743 ζ

79 793 88 804 ·
130 809 134 816 -
252 761 355 847 μόνος
373 752 470 842 οὗτος
492 759 510 829 ό
530 761 613 851 ἐρως
631 756 777 850 ἀφυκτυς
798 765 854 829 καὶ
875 773 947 841 τοῖς
969 762 1057 829 πάνυ
1075 768 1290 845 θαυμαστοῖς

256 861 341 932 εἶναι
363 865 528 946 δοκοῦσιν,
557 860 617 947 ούχ
639 859 735 943 ὅπως
756 863 865 952 ἐκείνῳ
888 861 1003 953 τάνδρὶ
1024 867 1079 931 καὶ
1104 861 1209 931 τάλλα
1232 862 1290 948 ἐμ·
1372 858 1373 915 3

256 967 410 1056 πλήκτως
430 970 486 1034 καὶ
509 963 776 1053 ἀπονενοημένως
792 967 970 1053 βεβιωκότι
990 970 1046 1034 καί
1070 963 1128 1034 ούκ
1146 963 1291 1048 ἀναξίως
1372 1042 1373 1047 1

205 1091 237 1139 39
255 1076 314 1137 τοῦ
332 1071 448 1160 πυρός.
486 1066 557 1137 εἶτα
576 1067 781 1161 ἐνετύγχανον
797 1072 937 1148 πολλοῖς
959 1067 1117 1137 ἀπιοῦσιν
1141 1065 1186 1149 ὥς
1203 1070 1290 1136 θεά·
1372 1132 1373 1157 ,

258 1196 370 1241 σαιντο
393 1175 449 1239 καὶ
471 1170 580 1239 αύτυί·
609 1168 712 1259 ᾤοντο
738 1169 800 1260 γὰρ
828 1171 876 1238 ἐτι
898 1173 1156 1261 καταλήψεσθαι
1183 1172 1291 1252 ζῶντα
1372 1180 1373 1187 ’

257 1270 372 1342 αῦτόν·
391 1278 446 1342 καὶ
463 1273 524 1363 γὰρ
538 1277 594 1341 καὶ
606 1274 683 1341 τόδε
697 1280 735 1362 τῇ
749 1281 933 1363 προτεραίᾳ
947 1274 1123 1357 διεδέδοτο,
1144 1270 1190 1353 ὥς
1204 1272 1291 1364 πρὸς

258 1373 431 1461 ἀνίσχοντα
452 1374 509 1460 τὸν
531 1373 623 1466 ήλιυν
646 1372 882 1460 ἀσπασάμενος
900 1416 941 1429 -
961 1372 1074 1466 ὥσπερ
1097 1374 1213 1460 ἀμέλει
1234 1378 1289 1443 καὶ

256 1478 336 1560 τοῦς
353 1480 551 1570 Βραχμᾶνάς
570 1505 655 1568 φασι
672 1492 782 1547 ποιεῖν
800 1518 842 1529 -
861 1478 1086 1568 ἐπιβήσεσθαι
1099 1486 1156 1565 τῆς
1170 1485 1288 1567 πυρᾶς.
1372 1478 1373 1483 ’

258 1580 467 1672 ἀπέστρεφον
490 1574 547 1649 σύν
569 1581 646 1662 τοὺς
663 1580 808 1661 πολλοὺς
827 1579 942 1665 αῦτιῦν,
966 1585 1067 1670 λέγων
1084 1579 1145 1671 ήδη
1164 1584 1289 1648 τετελέ-

258 1692 344 1752 σθαι
360 1684 399 1752 τὸ
420 1685 520 1774 ἐργυν,
541 1682 592 1764 οἷς
609 1683 653 1772 μὴ
671 1687 727 1751 καὶ
739 1681 827 1752 τοῦτ’
840 1681 920 1753 αάτό
935 1685 1226 1771 περισπούδαστον
1239 1675 1287 1773 ήν,
1321 1678 1325 1681 “
1347 1674 1351 1679 ’

257 1784 318 1856 κάν
336 1785 434 1854 αὐτὸν
453 1787 533 1854 ἰδεῖν
550 1785 608 1853 τὸν
624 1787 729 1854 τόπον
743 1795 800 1854 καί
812 1815 844 1855 τι
858 1791 1014 1875 λείψανον
1028 1787 1291 1872 καταλαμβάνειν

257 1896 317 1956 τοῦ
339 1889 455 1976 πυρός.
496 1888 580 1956 ἐνθα
603 1886 656 1977 δή,
681 1878 708 1955 ὦ
731 1888 853 1980 ἑταῖρε,
877 1897 980 1978 μυρία
1001 1891 1180 1979 πράγματα
1203 1886 1291 1973 εἶχον

258 1987 367 2058 ἀπασι
390 1991 601 2080 διηγούμενος
622 1995 678 2058 καὶ
701 1990 909 2083 ἀνακρίνουσι
930 1998 985 2060 καὶ
1007 1991 1149 2083 ἀκριβῶς
1172 1991 1290 2061 ἐκπυν-

257 2099 466 2178 θανομένοις.
496 2095 541 2161 ἐί
562 2096 620 2179 μὲν
643 2085 700 2162 σύν
721 2096 832 2181 ἰ’δυιμί
852 2123 933 2176 τινα,
943 2102 1110 2185 χαρίεντα,
1138 2093 1226 2182 ψιλὰ
1249 2093 1291 2161 ἀν

259 2191 372 2285 ὥσπερ
391 2200 445 2264 σοὶ
457 2195 499 2263 τδι
513 2204 706 2285 πραχθέντα
719 2199 911 2288 διηγούμην·
929 2197 1016 2285 πρὸς
1029 2199 1065 2266 δέ
1077 2196 1153 2278 τοῦς
1165 2200 1291 2284 βλᾶκας

257 2301 313 2366 καί
339 2298 425 2386 πρὸς
450 2297 508 2389 τήν
535 2297 692 2388 ἀκρόασιν
718 2301 893 2388 κεχηνότας
919 2301 1123 2390 ἐτραγῴδουν
1148 2326 1182 2367 τι
1209 2296 1287 2389 παρ’

258 2400 415 2486 ἐμαυτοῦ,
436 2401 482 2483 ιῦς
501 2402 615 2491 ἐπειδὴ
634 2399 770 2496 ἀνήφθη
789 2405 847 2487 μέν
864 2401 884 2491 ή
903 2402 1006 2492 πυρὰ,
1027 2402 1156 2490 ἐνέβαλε
1175 2404 1212 2471 δέ
1231 2408 1290 2494 φέἤ

258 2530 324 2593 ρων
343 2502 459 2573 ἑαυτὸν
477 2503 495 2572 ό
514 2504 682 2593 Πρωτεύς,
704 2513 841 2590 σεισμοῦ
858 2507 1020 2595 πρότερον
1037 2508 1180 2594 μεγάλου
1198 2531 1290 2594 γευο-

258 2612 356 2693 μένου
377 2606 434 2676 σῦν
451 2614 617 2695 μυκηθμῷ
634 2615 692 2696 τῆς
709 2615 776 2696 γῆς,
795 2607 866 2695 γὺψ
889 2606 1117 2694 ἀναπτάμενος
1135 2608 1170 2676 ἐκ
1186 2614 1291 2697 μέσης

257 2716 316 2798 τής
334 2709 457 2799 φλογὸς
474 2711 599 2792 α’ίχυιτυ
619 2710 652 2791 ἐς
665 2709 721 2779 τὸν
736 2708 880 2799 σύρανδν,
902 2708 1096 2801 ἀνθρωπίνη
1111 2713 1237 2801 μεγάλη
1251 2716 1289 2801 τῇ

157 2806 164 2813 ’
260 2818 354 2902 φωνῇ
373 2815 474 2898 λέγων
488 2809 626 2881 ζ(ἔλιπον
644 2820 712 2901 γᾶν,
731 2820 834 2900 βαίνω
855 2812 886 2880 δ’
899 2813 932 2893 ἐς
941 2810 1133 2897 ’λλλυγιπου.”
1172 2813 1291 2881 ἐκεῖνοι
1322 2831 1329 2852 ’

257 2915 317 3001 μέν
335 2905 398 2981 οὖνΙ
411 2914 617 3003 ἐτεθήπεσαν
635 2920 689 2983 καὶ
711 2917 932 3006 προσεκύνουν
954 2914 1213 3007 ὑποφρίττοντες
1235 2920 1292 2983 καί

252 3012 424 3105 ’ἀνέκρινόν
445 3043 486 3100 με
509 3020 655 3106 λέγοντες
676 3020 817 3108 πότερον
839 3017 925 3105 πρὸς
948 3016 1030 3109 ἐωή
1054 3017 1140 3108 πρὸς
1162 3018 1293 3104 δυσμὰς

258 3115 406 3207 ἐνεχθείη
426 3115 444 3186 ό
462 3121 547 3208 γύψ·
567 3119 629 3208 ἐγὼ
650 3123 685 3189 δέ
702 3121 741 3190 τὸ
760 3121 905 3191 ἐπελθὸν
924 3120 1146 3219 ἀπεκρινάμην
1164 3119 1292 3201 αύτοῖς.

205 3241 240 3291 40
258 3217 419 3290 ἀπελθὼν
437 3224 474 3289 δέ
492 3223 525 3302 ἐς
542 3222 600 3312 τήν
617 3226 797 3314 πανήγυριν
820 3224 958 3312 ἐπέστην
979 3228 1045 3293 τινὶ
1066 3228 1176 3313 πολιῷ
1195 3216 1292 3311 ἀύδρλ

257 3327 313 3391 καὶ
330 3323 367 3413 νὴ
385 3325 442 3393 τὸν
458 3324 515 3394 Δί’
536 3323 720 3415 ἀξιοπίστῳ
742 3327 780 3396 τὸ
803 3329 987 3417 πρόσωπον
1010 3326 1067 3395 ἐπὶ
1087 3335 1135 3415 τῷ
1152 3329 1293 3416 πώγωνι

257 3430 313 3494 καί
329 3435 370 3517 τῇ
388 3431 489 3517 λοιπῇ
509 3431 690 3519 σεμνότητι,
710 3431 753 3498 τά
769 3457 805 3498 τε
824 3427 907 3498 ἀλλα
921 3431 1122 3519 διηγουμένῳ
1138 3434 1293 3516 περὶτοῦ

258 3535 421 3629 Πρωτέως
441 3534 496 3598 καὶ
520 3529 566 3611 υλς
587 3532 671 3618 μετὰ
692 3531 731 3601 τὸ
753 3540 919 3623 καυθῆναι
941 3535 1107 3603 θεάσαιτο
1135 3530 1238 3602 αῦτδν
1254 3531 1294 3600 ἐν

258 3636 355 3724 λευκῇ
374 3632 493 3723 ἐσθήτι
510 3635 626 3724 μικρὸν
644 3636 847 3725 ἐμπροσθεν,
866 3641 922 3704 καί
939 3645 995 3706 νῦν
1014 3635 1180 3705 ἀπολίποι
1195 3662 1295 3722 περι-

258 3745 428 3805 πατοῦντα
442 3737 583 3829 φαιδρὸν
598 3738 630 3807 ἐν
642 3747 682 3830 τῇ
697 3740 884 3830 ἑπταφώνῳ
895 3747 987 3830 στοᾷ,
1002 3746 1118 3826 κοτίνῳ
1127 3764 1165 3808 τε
1175 3738 1295 3823 ἐστεμ-

258 3845 369 3926 μένον·
389 3840 444 3911 εἶύ
457 3842 515 3910 ἐπὶ
531 3850 618 3911 πᾶσι
636 3848 827 3932 προσέθηκε
843 3842 901 3913 τὸν
918 3850 1016 3932 γῦπα,
1038 3843 1254 3928 διομνύμενος
1271 3829 1294 3927 ἦ

258 3941 323 4032 μὴν
341 3942 440 4024 αύτὸς
458 3944 626 4035 ἑορακέναι
645 3945 873 4033 ἀναπτάμενον
892 3947 925 4015 ἐκ
942 3954 1001 4037 τῆς
1022 3952 1143 4034 πυρᾶς,
1169 3944 1206 4012 ὃν
1225 3937 1293 4029 ἐγίδ

257 4044 374 4136 μικρὸν
405 4046 595 4138 ἔμπροσθεν
626 4049 739 4140 ἀφῆκα
769 4056 936 4122 πέτεσθαι
964 4053 1194 4139 καταγελῶντα
1224 4048 1297 4112 τῶν
