2782 4574
241 212 314 281 114*
627 218 884 280 ΛΟΥΚῙᾸΝΟΥ

291 349 369 407 Tm.
406 329 597 415 Θαυμάσιος
613 324 671 417 τῆν
687 327 809 417 τέχνην,
834 324 880 409 ῶς
898 325 1042 417 ἀφασκον
1058 328 1094 395 οἱ
1115 327 1278 414 ἐμπλέον-

204 462 221 511 ι·
237 465 301 520 τες,
320 434 435 504 καὶτὰ
453 433 621 502 θαλάττια
639 431 746 522 σοφὸς
762 428 847 518 ὑπὲρ
864 429 922 499 τὸν
938 437 1086 522 Πρωτέα.
1113 430 1278 520 ἠκούσατε

198 593 203 599 -
239 544 276 610 δέ
294 536 389 620 ὅπως
407 538 503 629 δεῦρο
522 537 681 626 κατήγαγε
698 534 738 604 τὸ
756 538 884 617 πλοῖον,
906 532 962 603 οἶα
976 533 1110 602 ἔπαθον
1120 540 1279 618 πλέοντες

236 638 261 732 ῆ
279 642 325 725 ῶς
343 641 361 712 ό
381 640 485 731 ἀστὴρ
505 639 623 722 αῦτοὺς
641 630 781 725 έσωσενς

246 796 249 801 v
289 763 374 819 ΛΥΚ
415 742 487 825 θῦκ,
508 736 704 830 ῶΤιμόλαε,
724 740 809 811 ἀλλὰ
820 748 875 811 νῦν
888 739 993 832 ῆδέως
1007 739 1047 811 ἀν
1065 740 1277 831 ἀκούσαιμεν.

291 867 370 921 ΤΙΜ.
401 846 430 918 ‘0
451 848 630 938 ναύκληρος
653 844 753 927 αῦτὸς
776 845 920 934 διηγεῖτό
939 870 1012 931 μοι,
1031 845 1176 936 ’χρηστὸς
1194 846 1277 938 ἀνὴρ

240 956 299 1021 καλ
315 954 564 1043 προσομιλῆσαι
582 949 699 1032 δεξιός.
739 947 802 1038 έφη
827 949 863 1017 δέ
885 945 955 1017 ἀπὸ
977 955 1035 1037 τῆς
1055 949 1165 1037 Φάρου
1185 948 1279 1019 ἀπά-

240 1054 413 1144 ρανταςοῦ
424 1058 510 1123 πάνυ
523 1059 624 1142 βιαίῳ
638 1052 801 1138 πνεύματι
814 1052 1013 1138 ἑβδομαίους
1028 1048 1112 1120 ἰδεῖν
1122 1050 1279 1123 τὸνὲίκά-

240 1186 362 1245 μαντα,
386 1156 458 1227 εἶτα
481 1157 623 1247 ζεφύρου
646 1148 919 1235 ἀναπνεύσαντας
942 1151 1165 1244 ἀπενεχθῆναι
1186 1160 1279 1224 πλα-

238 1270 331 1350 γίους
349 1258 426 1352 ἀχρι
441 1261 604 1341 Σιδῶνος,
629 1258 757 1326 ἐκεῖθεν
775 1259 811 1325 δὲ
826 1265 964 1343 χειμῶνι
980 1258 1113 1346 μεγάλῳ
1131 1283 1279 1348 περιπε-

241 1363 360 1444 σόντας
382 1364 500 1453 δεκάτη
523 1362 581 1431 ἐπὶ
598 1362 795 1442 Χελιδονέας
818 1360 875 1428 διὰ
894 1367 955 1429 τοῦ
971 1357 1128 1441 Αῦλῶνος
1151 1360 1274 1446 έλθείν,

204 1484 220 1535 8
240 1465 323 1534 ’ἔνθα
342 1466 381 1556 δῆ
400 1465 494 1557 παρὰ
510 1463 626 1552 μικρὸν
642 1462 866 1554 ὑποβρυχίους
884 1466 979 1532 δῦναι
1001 1458 1160 1545 ἅπαντας.
1197 1463 1277 1533 οἶδα

238 1570 276 1637 δέ
301 1594 385 1637 ποτε
411 1571 468 1635 καὶ
495 1566 595 1647 αῦτὸς
620 1568 862 1656 παραπλεύσας
883 1566 1081 1647 Χελιδονέας
1101 1564 1213 1657 ῆλίκον
1239 1568 1276 1637 έν

237 1677 285 1758 τῷ
302 1672 399 1758 τόπῳ
419 1668 592 1739 ἀνίσταται
608 1669 648 1739 τὸ
666 1678 763 1755 κῦμα,
781 1673 838 1738 καὶ
854 1670 1000 1760 μάλιστα
1017 1673 1096 1756 περὶ
1112 1669 1170 1738 τὸν
1183 1673 1273 1758 λίβα,

240 1770 368 1841 ὁπόταν
386 1772 528 1863 ἐπιλάβῃ
546 1775 678 1841 καὶτοῦ
696 1774 805 1843 νότου.
842 1770 910 1841 κατ’
927 1772 1029 1840 έκεῖνο
1050 1771 1112 1861 γάρ
1132 1770 1171 1861 δὴ
1190 1797 1277 1860 συμ-

237 1881 345 1960 βαίνει
362 1877 559 1964 μερίζεσθαι
576 1874 615 1945 τὸ
633 1876 833 1965 Παμφύλιον
854 1872 924 1943 ἀπὸ
945 1882 1005 1964 τῆς
1021 1882 1188 1966 Λυκιακῆς
1205 1884 1277 1943 θα-

238 1978 367 2066 λάττης,
386 1982 442 2046 καλ
460 1976 478 2047 ό
497 1979 624 2048 κλύδων
642 1976 701 2048 άτε
719 1977 788 2047 ἀπὸ
803 1981 935 2047 πολλῶν
948 1980 1119 2070 ῥευμάτων
1132 1984 1274 2069 περίτηῖ

238 2077 430 2171 ἀκρωτηρίῳ
458 2083 647 2168 σχιζόμενος
668 2123 712 2137 -
733 2080 899 2172 ἀπόξυροι
926 2079 957 2150 δ’
979 2082 1045 2150 εἰσὶ
1070 2087 1191 2171 πέτραι
1216 2086 1274 2151 καλ

238 2182 354 2268 ὀξεῖαι,
374 2186 653 2276 παραθηγόμεναι
665 2193 712 2274 τῷ
730 2186 892 2269 κλύσματι
906 2225 948 2237 -
962 2189 1018 2253 καὶ
1036 2187 1274 2276 φοβερωτάτην

237 2287 409 2377 ποιεῖτὴν
430 2288 623 2379 κυματωγὴν
644 2286 778 2358 καὶτὸν
799 2278 878 2377 ῆχον
901 2291 1100 2376 μέγαν,’καὶ
1125 2287 1163 2358 τὸ
1185 2296 1274 2375 κῦμα
1387 2316 1389 2335 ¹

204 2392 402 2472 9πολλάκις
428 2390 519 2480 αύτῷ
547 2393 742 2480 ἰσομέγεθες
767 2399 815 2481 τῷ
841 2395 1005 2480 σκοπέλῳ.
1053 2398 1191 2460 τοιαῦτα
1216 2396 1276 2459 καί

238 2501 327 2584 σφᾶς
343 2498 540 2581 καταλαβεῖν
557 2494 699 2585 ἔφασκεν
717 2493 735 2564 ῦ
753 2496 932 2584 ναύκληρος
950 2493 1000 2564 έτι
1016 2497 1073 2561 καί
1084 2492 1196 2574 νυκτὸς
1215 2488 1275 2561 οῦ-

39 2671 42 2681 ,
133 2621 160 2673 ῃ
238 2620 297 2685 σης
315 2600 371 2664 καί
389 2598 493 2688 ζόφου
513 2595 683 2687 ἀκριβοῦς·
706 2596 790 2667 ἀλλά
811 2597 899 2690 πρὸς
914 2596 974 2686 τῆν
996 2597 1140 2687 οἰμωγὴν
1163 2593 1274 2665 αῦτῶν
1387 2604 1389 2649 λ

238 2698 501 2781 ἐπικλασθέντας
526 2698 603 2781 τοῦς
628 2701 733 2783 θεοὺς
758 2710 826 2792 πῦρ
851 2728 888 2771 τε
915 2698 1086 2783 ἀναδεῖξαι
1117 2697 1186 2769 ἀπὸ
1213 2707 1274 2789 τῆς
1386 2772 1388 2807 η

236 2811 375 2888 Λυκίας,
405 2801 450 2884 ῶς
471 2809 631 2892 γνωρίσαι
651 2803 709 2872 τὸν
730 2808 836 2873 τόπον
859 2803 989 2887 ἐκεῖνον,
1013 2810 1070 2871 καί
1090 2830 1164 2872 τινα
1186 2806 1274 2890 λαμ·
1387 2820 1388 2863 4

236 2904 322 2991 πρὸν
336 2904 468 2995 ἀστέρα,
491 2908 681 2996 Διοσκόρων
699 2905 756 2976 τὸν
776 2907 893 2995 ἕτερον,
914 2908 1113 2976 ἐπικαθίσαι
1127 2914 1174 2995 τῳ
1192 2932 1274 2993 καρ-

234 3014 340 3097 χησίῳ
358 3013 414 3078 καὶ
430 3017 631 3079 κατευθῦναι
648 3008 706 3099 τὴν
723 3017 801 3078 ναῦν
820 3010 877 3078 έπλ
897 3008 939 3078 τά
961 3007 1040 3078 λαιά
1058 3009 1092 3089 ές
1108 3007 1148 3077 τὸ
1166 3012 1274 3076 πέλοι-

236 3135 303 3199 γος,
323 3107 385 3201 ἤδη
403 3121 451 3202 τῷ
468 3121 599 3203 κρημνῴ
612 3119 894 3204 προσφερομένην.
917 3110 1114 3181 τοῦντεῦθεν
1128 3113 1165 3180 δὲ
1178 3107 1275 3194 άπαξ
1386 3116 1387 3187 ᾗ

235 3220 294 3302 τῆς
308 3212 415 3305 ὀρθῆς
424 3216 631 3299 ἐκπεσόντας,
647 3215 704 3284 διὰ
716 3223 777 3284 τοῦ
785 3217 927 3304 Αἰγαίου
941 3216 1157 3295 πλεύσαντας,
1175 3213 1273 3300 έβδο-

237 3325 384 3407 μηκοστῇ
402 3316 459 3387 ἀπ’
469 3320 643 3408 Αἰγύπτου
657 3317 773 3409 ἡμέρῳ,
793 3318 879 3408 πρὸς
897 3315 1028 3399 ἀντίους
1041 3316 1119 3398 τοὺς
1137 3317 1274 3404 ἐτησίας

235 3421 485 3507 πλαγιάζοντας,
502 3421 536 3503 ές
548 3429 691 3513 Πειραιᾶ
705 3424 789 3507 χθὲς
801 3428 1092 3507 καθορμίσασθαι,
1111 3427 1274 3490 τυσοῦτον
1385 3466 1386 3503 η

236 3518 462 3614 ἀποσυρέντας
488 3524 586 3617 έςιτδ
613 3525 717 3607 κάτω,
746 3524 804 3606 οῦς
830 3524 898 3594 έδει
923 3522 981 3614 τῆν
1003 3525 1133 3614 Κρήτην
1160 3519 1272 3605 δεξιὰν

231 3627 396 3801 ἐσβῆντας
426 3626 511 3718 ῦπέρ
540 3626 599 3717 τῆν
624 3631 758 3698 Μαλέαν
787 3629 994 3708 πλεύσαντας
1022 3624 1086 3716 ῆδη
1119 3623 1205 3696 εἶναι
1235 3623 1272 3694 ἐν

255 3759 297 3800 τα
355 3786 363 3803 .

284 3738 369 3909 ΔΥίλί
412 3835 464 3928 Νῆ
486 3840 565 3919 Δία,
594 3829 788 3923 θαυμάσιόν
808 3863 882 3907 τινα
905 3832 972 3926 φῆς
993 3834 1187 3923 κυβερνῆτην
1208 3827 1275 3900 τὸν

227 3935 356 4031 Ἥρωνα
373 3937 471 4030 ῆτοῦ
489 3947 626 4032 Νηρέως
642 3938 825 4031 ἡλικιώτην,
851 3940 888 4021 ὃς
904 3945 1064 4008 τοσοῦτον
1086 3933 1271 4025 ἀπεσφάλη

184 4062 217 4113 10
234 4051 293 4134 τῆς
311 4042 402 4113 ὁδοῦ.
438 4041 522 4113 ἀλλὰ
544 4051 579 4113 τί
598 4051 714 4127 τοῦτος
733 4041 793 4114 οῦκ
805 4042 1011 4130 Χδείμαντος
1034 4041 1157 4121 ἐκεῖνός
1179 4038 1276 4123 έστις
