2792 4580
259 203 325 274 τιὸ
524 260 529 265 .
647 215 903 275 mmmm
1364 288 1365 301 Ν

257 318 338 400 τοὺς
356 316 493 397 ὀδόντας
511 314 587 389 ύπδ.
600 323 658 385 τού
676 318 869 406 Κλεοδήμου
887 321 1029 407 Δίφιλον
1049 314 1147 389 εἶναι.
1158 320 1287 412 σίηθέν,
1364 316 1365 327 ’

259 448 326 502 τος.
363 420 467 490 έκειτο
486 411 542 487 σόν
565 416 583 486 5
603 416 725 500 ἀθλιος
745 419 829 490 κατὰ
846 419 904 488 τὸν
927 418 1028 489 αὑτοῦ
1039 417 1175 514 (Όμηρον
1193 421 1284 511 “αἷμ’

260 521 394 610 δριέιυν.”
431 519 517 611 πλὴν
534 528 676 610 ταραχῆς
693 547 731 611 γε
747 525 802 591 καὶ
824 523 971 612 δακρύων
987 522 1094 610 μεστά
1111 517 1149 614 ἦν
1166 527 1285 595 πάντα.
1364 544 1365 551 ’

259 630 317 697 καὶ
334 627 370 695 αἱ
386 627 445 712 μὲν
461 638 609 712 γυναῖκες
627 625 767 694 έκιόκυον
784 632 832 715 τῷ
845 632 974 716 Χαιρέᾳ
990 634 1236 714 περιχυθεῖσαι,
1255 629 1287 699 ολ

198 794 206 799 .
260 731 298 797 δδ
320 726 416 797 ἀλλοι
436 734 634 799 κατέπαυον.
672 734 826 821 μέγιστον
850 729 890 796 δέΙ
908 720 946 817 ἦν
972 726 1129 799 ἁπάντων
1150 727 1285 801 κακδνό

255 828 463 916 Ἀλκιδάμας,
487 830 562 900 ἐπεὶ
585 827 679 912 ἅπαξ
697 828 736 899 τό
758 829 836 899 καθ’
852 828 952 901 αύτδν
973 830 1152 919 ἐτρέψατο,
1180 839 1286 901 παίων

259 933 316 1004 τὸν
334 934 576 1023 προστυχόντα·
598 937 655 1003 καὶ
671 936 791 1002 πολλοὶ
809 931 858 1016 ἀν,
883 924 919 1002 εό
937 934 1028 1016 ἴσθι,
1049 932 1178 1016 ἔπεσον,
1199 934 1228 1002 εἰ
1244 933 1285 1023 μὴ
1342 948 1347 961 ’

258 1039 397 1118 κατέαξε
418 1034 477 1124 τὴν
497 1043 686 1127 βακτηρίαν.
723 1034 786 1124 ἐγὼ
810 1037 847 1107 δδ
868 1034 962 1125 παρὰ
978 1034 1035 1107 τὸν
1056 1049 1168 1120 τοῖχον
1187 1032 1288 1126 δρθδς

261 1137 410 1227 ἀφεστὼς
427 1138 539 1228 έάρων
558 1139 679 1209 ἕκαστα
697 1135 756 1207 ούκ
777 1136 954 1226 ἀναμιγνὺς
976 1137 1117 1223 έμαυτδν
1142 1137 1211 1207 ύπδ
1233 1144 1288 1207 τοῦ

255 1237 409 1309 Ἱστιαίου
429 1243 610 1326 διδαχθεὶς,
631 1240 677 1322 ὥς
695 1242 783 1313 ’ἐστιν
800 1240 985 1330 ἐπισφαλὲς
1002 1243 1150 1311 διαλύειν
1167 1240 1211 1310 τὰ
1223 1266 1290 1309 τοι-

261 1349 356 1412 αῦτα.
390 1350 555 1425 Λαπίθας
573 1336 629 1413 οὖν
647 1349 703 1413 καλ
718 1345 924 1430 Κενταύρους
946 1341 1032 1424 εἶδες
1046 1341 1102 1425 -ἀν,
1128 1343 1290 1433 τραπέζας

261 1443 526 1533 ἀνατρεπομένας
543 1451 599 1515 καὶ
616 1445 700 1533 αἷμα
719 1446 924 1531 ἐκκεχυμένον
941 1448 997 1514 καὶ
1014 1445 1163 1535 σκύφους
1177 1448 1291 1536 ῥιπτο-

208 1570 242 1621 46
260 1554 387 1635 μένους.
431 1553 524 1630 τέλος
551 1551 587 1617 δὲ
617 1547 852 1634 όὲίλκιδάμας
883 1546 1073 1638 ἀνατρέψας
1098 1547 1141 1618 τὸ
1168 1552 1291 1633 λυχνίον
1366 1632 1367 1635 ¹

123 1668 131 1687 ¹
262 1650 379 1731 σκότος
395 1657 480 1739 μέγα
493 1650 639 1739 ἐποίησε,
659 1653 714 1719 καί
730 1650 769 1720 τὸ
783 1658 929 1741 πρᾶγμα,
950 1648 996 1734 τός
1008 1651 1046 1719 τδ
1062 1651 1162 1735 εἰκὸς,
1181 1655 1291 1740 μακρῷ

257 1754 488 1839 χαλεπώτερον
511 1752 690 1842 ἐγεγένητο·
717 1756 772 1820 καί
798 1753 861 1842 γάρ
888 1751 925 1820 ού
954 1754 1077 1844 ῥηιδίως
1097 1752 1292 1845 ηόπόρησαν

260 1855 375 1944 φωτὸς
405 1854 520 1938 ἀλλον,
554 1854 638 1925 ἀλλὰ
663 1854 773 1924 πολλὰ
804 1855 958 1946 ἐπράχθη
984 1859 1040 1939 καὶΙ
1066 1857 1165 1926 δεινά
1192 1850 1225 1925 έν
1249 1860 1293 1943 τῷ

259 1959 379 2046 σκότῳ.
414 1961 471 2027 καλ
488 1958 563 2027 ἐπεὶ
580 1965 689 2047 παρῆν
709 1986 761 2040 τις
782 1960 896 2043 λύχνον
917 1961 1000 2026 ποτέ
1022 1959 1182 2044 κομίζων,
1206 1983 1294 2027 κατε-

232 2060 376 2149 λήφθη
400 2058 594 2146 Ἀλκιδάμας
623 2062 683 2146 μέν
712 2060 770 2149 τὴν
801 2058 981 2149 αὐλητρίδα
1011 2058 1219 2150 ἀπογυμνῶν
1243 2062 1295 2129 καί

203 2190 207 2199 ’
257 2160 345 2252 πρὸς
361 2169 437 2249 βίαν
449 2170 687 2252 ’συνενεχθῆναι
705 2162 788 2253 αύτῇ
807 2164 1014 2245 σπουδάζων,
1037 2166 1295 2254 Διονυσόδωρος

257 2266 297 2333 δὲ
314 2262 395 2349 ἀλλο
412 2294 447 2335 τι
463 2270 590 2354 γελοῖον
604 2265 768 2356 ἐφωράθη
783 2267 991 2355 πεποιηκώς·
1010 2267 1141 2356 σκύφος
1151 2266 1215 2359 γάρ
1230 2267 1292 2350 ἐξέ-

258 2392 360 2436 πεσεν
378 2368 413 2437 έκ
430 2376 487 2438 τού
505 2369 631 2437 κόλπου
647 2366 882 2450 ἐξαναστάντος
895 2366 1009 2437 αὐτοῦ.
1036 2366 1094 2437 εἶτ’
1107 2369 1293 2458 ἀπολογού-
1367 2444 1368 2449 1

257 2495 357 2554 μενος
371 2467 467 2543 ’Ἰωνα
489 2471 552 2560 ἔφη
576 2467 770 2556 ἀνελόμενον
792 2470 825 2540 έν
846 2477 886 2560 τῇ
904 2478 1028 2562 ταραχῇ
1052 2473 1173 2542 δοῦναι
1196 2470 1290 2560 αύτῷ,

166 2590 171 2596 ’
260 2567 354 2652 ὅπως
375 2573 419 2660 μὴ
444 2570 622 2656 ἀπόλοιτο,
646 2577 702 2641 καὶ
713 2570 738 2641 5
753 2571 826 2643 ’λων
843 2575 1063 2661 κηδεμονικῶς
1086 2576 1180 2665 έλεγε
1197 2580 1292 2645 τούτο

259 2681 488 2763 πεποιηκέναι.

206 2798 241 2846 47
306 2773 382 2845 'Em
397 2778 529 2858 τούτοις
547 2778 685 2866 διελύθη
703 2776 741 2846 τό
761 2777 949 2864 συμπόσιον
966 2782 1168 2869 τελευτῆσαν
1184 2780 1220 2849 έκ
1232 2784 1294 2847 τάν

259 2879 407 2966 δακρύων
431 2870 534 2961 αὖθις
556 2880 589 2961 ἐς
606 2883 733 2967 γέλωτα
756 2880 814 2950 ἐπὶ
830 2887 877 2968 τῷ
892 2879 1123 2968 Ἀλκιδάμαντι
1140 2886 1201 2953 καὶ
1219 2871 1295 2953 Διο-

258 2981 437 3071 νυσοδώρῳ
455 2985 510 3050 καὶ
522 2981 617 3052 Ἴωνι.
653 2986 710 3051 καὶ
727 2984 764 3051 οἵ
781 3009 818 3052 τε
835 2989 1035 3078 τραυματίαι
1054 2987 1212 3076 φοράδην
1230 2983 1296 3065 έξε-

257 3083 428 3169 κομίζοντο
446 3085 599 3174 πονήρως
616 3084 756 3170 ἔχοντες,
779 3088 835 3152 καὶ
856 3086 1002 3170 μάλιστα
1024 3082 1042 3154 5
1065 3078 1296 3178 πρεσβύτηςό

257 3187 445 3274 Ζηνόθεμις
458 3184 664 3277 ἀμφοτέραις
675 3194 715 3276 τῇ
727 3189 786 3273 μέν
798 3194 857 3276 τῆς
870 3188 968 3277 ῥινὸς,
983 3175 1023 3277 τῇ
1038 3189 1075 3256 δδ
1087 3178 1151 3259 τοῦ
1163 3187 1297 3279 όφθαλ

255 3295 322 3376 μού
336 3288 580 3378 ἐπειλημμένος,
594 3296 684 3375 βοάν
697 3287 914 3359 ἀπόλλυσθαι
927 3287 983 3358 ύτιῖ
991 3287 1198 3379 ἀλγηδόνων,
1213 3286 1298 3359 ὥστε

255 3394 313 3459 καὶ
328 3390 386 3460 τόν
396 3388 547 3480 Ἕρμωνα
564 3398 683 3478 καίπερ
702 3392 735 3460 έν
752 3405 864 3473 κακοῖς
882 3388 961 3461 όντα
974 3431 1017 3443 -
1034 3392 1096 3461 δύο
1115 3392 1183 3484 γὰρ
1204 3390 1298 3462 ὀδόν-

256 3519 317 3573 τας
338 3493 530 3577 ἐξεκέκοπτο
553 3534 594 3546 -
618 3491 922 3585 ἀντιμαρτύρεσθαι
943 3497 1095 3582 λέγοντα,
1121 3493 1297 3583 “μέμυηοο

239 3601 379 3693 μέντοι,
400 3587 427 3662 ὦ
445 3597 629 3685 Ζηνόθημι,
649 3594 695 3678 ὦς
714 3594 771 3665 ούκ
790 3594 975 3688 ἀδιάφορον
991 3595 1053 3687 ἡγῇ
1070 3595 1132 3667 τὸν
1150 3589 1296 3669 πόνον·”

256 3701 313 3768 καὶ
339 3695 357 3767 5
380 3706 522 3789 νυμφίος
548 3700 585 3768 δέ
606 3697 805 3786 ἀκεσαμένου
831 3698 870 3769 τδ
896 3705 1028 3789 τραῦμα
1051 3706 1117 3769 τοῦ
1143 3704 1296 3770 Διονίκου

255 3797 405 3891 ἀπήγετο
428 3802 463 3883 ἐς
483 3802 541 3891 τὴν
563 3802 669 3892 οἰκίαν
689 3808 832 3883 ταινίαις
852 3806 1088 3891 κατειλημένος
1111 3800 1175 3891 τὴν
1198 3823 1301 3891 κεφα-

256 3902 325 3992 λὴν,
349 3904 407 3974 δπὶ
423 3904 461 3973 τὸ
480 3906 590 3994 ζεῦγος
608 3903 783 3984 ἀνατεθεὶς
801 3902 852 3995 ἀφ’
869 3896 907 3973 05
924 3904 982 3995 τὴν
999 3901 1299 3993 νύμφηυάπάξοιν

257 4002 380 4090 ἔμελλε,
399 4007 538 4098 πικροὺς
556 4004 574 4077 5
593 4004 714 4089 ἀθλιος
726 4005 805 4088 τούς
816 4007 943 4095 γάμους
956 4006 1133 4100 ἑορτάσας.
1160 4007 1220 4077 καλ
1232 4008 1296 4075 τάν
