2782 4574
320 209 427 268 LXVI.
453 209 622 269 HAOION
641 209 671 269 Η
692 208 934 266 RYXA12-6.
1082 198 1149 266 113

108 376 115 383 .
159 332 242 391 ’ΠΜ
263 312 368 402 Ἀτάρ,
388 304 602 399 ῶΣάμωιπε,
616 322 673 383 νῦν
686 311 896 404 ἀνεμνήσθην
908 312 1042 387 δπύθεν
1052 314 1177 405 ἧμῶνί

108 421 305 509 ἀπελείφθη
324 416 542 504 Ἀδείμαντος,
572 414 627 487 ὅτε
653 417 746 504 παρὰ
772 415 830 486 τὸν
857 417 947 487 ἱστὸν
975 419 1033 491 έπὶ
1059 418 1166 493 πολὺ·

109 525 247 613 ’ἔστημεν
266 520 516 607 ἀναβλέποντες,
537 519 759 647 ἀριθμοῦντες
775 528 841 589 τῶν
853 527 985 613 βυρσῶν
997 521 1057 603 τὰς
1069 522 1148 593 έπε-

108 625 240 798 βολδιςῖ
233 628 290 692 καὶ
299 622 583 796 ἐθαυμάζοντες
563 624 696 693 ανιύντα
714 622 771 693 τὸν
793 625 911 712 ναύτην
928 623 986 692 διὰ
1004 632 1069 693 τῶν
1086 628 1148 695 κά·

106 734 183 812 λων,
208 726 342 799 ελταέπ
344 731 431 816 ίτῆς
448 734 582 816 κεραίας
600 723 668 795 ἀνω
688 724 850 817 ἀσφαλῶς
869 730 1059 813 διαθέοντα,
1077 735 1145 798 τῶν

108 832 288 923 κεροιάκων
307 830 557 919 ἐπειλημμένον
675 888 680 893 .

159 952 249 1007 ΣΑΜ.
284 924 333 1003 Εὖ
352 936 466 1021 λέγεις.
497 939 532 1002 τί
549 924 651 1004 δοῦν
667 932 728 1025 χρὴ
747 948 858 1005 ποιεῖν
876 931 979 1022 ἡμᾶς,
998 934 1147 1005 ἐνταῦθα

105 1039 302 1125 καραδοκεῖν
325 1033 436 1120 αὐτὸν,
463 1034 485 1125 ἢ
508 1036 637 1117 έθέλεις
660 1035 723 1125 ἐγὼ
747 1029 850 1118 αὖθις
871 1036 1028 1123 ἐπάνειμι
1051 1037 1084 1119 ές
1105 1037 1144 1111 τδ

105 1146 246 1225 πλοῖον,·

159 1260 238 1317 Tm,
274 1245 460 1333 Μηδαμῶς,
481 1239 564 1311 ἀλλὰ
582 1246 768 1333 προΐωμεν·
791 1241 879 1323 εἰκὸς
896 1242 960 1333 γὰρ
975 1241 1038 1332 ἤδη
1056 1272 1146 1331 παρ·

108 1352 305 1436 εληλυθέναι
323 1347 443 1417 ἐκεῖνον
461 1344 695 1432 ἀποσοβοῦντα
714 1345 747 1426 ές
763 1344 801 1414 τὸ
821 1343 915 1427 άστν,
936 1345 1010 1414 ἐπεὶ
1022 1344 1141 1435 μηκέθ’
1182 1382 1192 1390 ·

106 1449 193 1540 ἡμᾶς
211 1447 318 1542 εῦρεῖν
336 1450 488 1521 ἐδύνατο·
512 1451 542 1518 εί
561 1451 596 1518 δὲ
613 1447 673 1538 μὴ,
697 1446 766 1516 ἀλλ’
782 1446 853 1517 οἶδε
871 1447 928 1537 τὴν
951 1446 1029 1519 ὁδὸν
1043 1448 1145 1521 Ἀδεί-

105 1579 242 1641 μαντος,
270 1558 326 1624 καὶ
349 1557 423 1635 δέος
446 1552 539 1624 οῦδὲν
560 1551 605 1642 μὴ
630 1550 858 1641 ἀπολειφθεὶς
878 1549 971 1641 ἡμῶν
994 1550 1144 1639 ἀποβου-
1242 1583 1248 1589 ·

107 1661 247 1747 κσληθῇ.

11 1804 15 1813 ·
105 1820 110 1825 .
157 1776 245 1834 ΛΥΚ.
281 1759 402 1850 Ὁρᾶτε,
425 1759 470 1849 μὴ
489 1758 603 1833 σκαιὸν
621 1750 758 1850 ᾗφίλον
777 1756 1007 1840 ἀπολιπόντας
1025 1757 1144 1842 αύτούς

105 1862 252 1935 ἀπιέναι.
279 1866 465 1951 βαδίζωμεν
479 1862 511 1933 δ’
522 1860 623 1949 ὅμως,
639 1864 669 1931 εἰ
677 1867 733 1930 καί
741 1869 915 1951 Σαμίππῳ
928 1870 1027 1932 τοῦτο
1041 1866 1142 1932 δοκεῖ.

157 1985 246 2041 ΣΑΜ,
281 1971 347 2036 Καὶ
363 1968 454 2052 μάλα
473 1968 571 2049 δοκεῖ,
591 1963 630 2055 ἥν
647 1993 722 2047 πως
741 1964 920 2054 ἀνεῳγυῖαν
939 1965 988 2039 έτι
1005 1965 1064 2056 τὴν
1075 1993 1143 2035 πα-

105 2074 263 2159 λαίστραν
281 2070 527 2156 καταλάβωμεν.
564 2066 647 2139 ἀλλά
664 2068 786 2155 μεταξὺ
805 2071 920 2156 λόγων,
940 2067 1033 2157 ἡλίκη
1052 2078 1140 2151 ναῦς.
1160 2093 1177 2142 ε
1272 2080 1277 2092 “

105 2175 213 2244 ε’ίκοσι
234 2177 290 2245 καὶ
311 2171 426 2242 ἑκατὸν
453 2174 583 2262 πήχεων
610 2173 700 2260 έλεγε
724 2172 763 2241 τὸ
789 2178 893 2260 μῆκος
919 2168 937 2238 ὃ
964 2171 1140 2261 ναυπηγὸς,

105 2268 204 2367 εὖρος
222 2278 258 2346 δέ
273 2275 358 2368 ῦπέρ
376 2275 415 2346 τὸ
433 2281 588 2367 τέταρτον
604 2276 751 2362 μάλιστα
768 2275 902 2356 τούτου,
921 2277 976 2343 καὶ
995 2271 1064 2343 ἀπὸ
1082 2281 1142 2344 τοῦ

103 2380 385 2472 καταστρώματος
407 2379 441 2460 ές
457 2378 515 2449 τὸν
528 2385 707 2466 πυθμένα,
729 2369 751 2470 ᾖ
769 2380 962 2466 βαθύτατον
983 2376 1068 2447 κατὰ
1085 2376 1143 2448 τὸν

104 2480 232 2566 ἀντλον,
256 2483 347 2553 έννέα
364 2481 451 2572 πρὸς
466 2497 539 2565 ταῖς
557 2484 671 2554 εἴκοσι.
706 2481 748 2552 τά
767 2480 799 2551 δ’
816 2478 900 2550 ἀλλα
917 2478 1028 2569 ἡλίκος
1045 2483 1104 2568 μέν
1123 2479 1141 2552 ὃ

106 2586 221 2681 ἱστὸς,
238 2583 318 2678 ὅσην
341 2586 507 2671 δί’ἀνέχει
528 2586 586 2676 τὴν
608 2593 750 2674 κεραίαν,
775 2586 837 2674 οἵην
860 2587 897 2653 δὲ
918 2585 1071 2676 προτόνῳ
1090 2591 1144 2653 κέ-

101 2716 224 2781 χρηται
244 2695 301 2760 καὶ
323 2695 505 2777 συνέχεται,
529 2688 575 2772 ῶς
593 2689 667 2779 δὲὴ
689 2691 823 2779 πρύμνα
844 2691 903 2775 μὲν
926 2688 1142 2776 ἐπανέστηκεν

103 2792 212 2883 ἠρέμα
229 2795 382 2884 καμπύλη
398 2800 541 2881 χρυσοῦν
556 2801 707 2883 χηνίσκον
726 2793 927 2883 ἐπικειμένη,
947 2789 1166 2882 καταντικρὺ

105 2898 144 2964 δὲ
162 2893 357 2986 ἀνάλογονη
377 2905 497 2988 πρῷρα
513 2895 767 3023 ῦπερβέβηκενέ
767 2924 785 2977 ς
806 2894 845 2965 τὸ
867 2895 985 2986 πρόσω
1010 2893 1143 2984 ἀπομη-

10 3002 11 3005 ’
103 3006 277 3089 κυνομένη,
300 3024 359 3090 την
378 2999 551 3086 δπῶνυμον
568 3007 626 3089 τῆς
643 2998 724 3080 νεῶς
746 2997 863 3068 θεὸν’
853 2998 973 3082 ε’χουσα
994 2997 1052 3087 τὴν
1066 2990 1142 3068 Ισιν

103 3103 322 3191 ἑκατέρωθεν.
351 3131 369 3173 ο
357 3101 499 3189 ’μὲν
463 3129 525 3194 γαρ
544 3098 644 3183 ἀλλος
660 3104 793 3189 κόσμος,
814 3102 850 3170 αλ
866 3105 994 3192 γραφαὶ
1010 3104 1066 3168 καὶ
1082 3106 1143 3169 τοῦ
1231 3104 1235 3111 ‘

103 3204 261 3275 ἱστίου
228 3233 267 3275 το
277 3208 460 3295 παράσειον
474 3207 639 3295 πυραυγές
655 3207 712 3274 καὶ
728 3205 796 3294 πρὸ
810 3205 937 3273 τούτων
950 3199 1027 3272 αλ”
1004 3229 1144 3292 αγκαραι

102 3313 159 3379 καὶ
179 3324 342 3400 στροφεῖα
358 3315 415 3379 καὶ
436 3323 655 3399 περιαγωγεῖς
676 3313 732 3377 καὶ
755 3309 791 3377 αλ
807 3306 892 3383 κατὰ
912 3306 971 3395 τὴν
992 3307 1143 3397 πρύμναν

102 3413 252 3501 οἰκήσεις
268 3415 447 3499 θαυμάσια
464 3416 576 3484 πάντα
592 3440 651 3501 μοι
670 3413 772 3496 ἔδοξε.
806 3408 913 3483 καλ
879 3438 919 3481 το
936 3417 1003 3480 τῶν
1014 3418 1142 3482 ναυτῶν
1161 3434 1177 3483 ε

100 3518 241 3604 πλῆθος
267 3517 483 3607 στρατοπέδῳ
507 3516 546 3587 ἀν
572 3544 624 3598 τις
650 3517 819 3587 είκάσειεν.
869 3514 996 3611 δλέγετο
1024 3517 1143 3584 δὲκαὶ

99 3625 264 3689 τοσοῦτον
288 3616 378 3706 ἀγειν
401 3634 506 3704 σῖτον,
536 3618 582 3702 ῶς
605 3619 714 3692 ἱκανὸν
737 3618 823 3691 εἶναι
845 3625 932 3689 πᾶσι
953 3633 1024 3700 τοῖς
1047 3618 1080 3687 έν
1101 3624 1143 3708 τῇ
1234 3620 1237 3624 ’

97 3716 228 3812 Ἀττικῇ
253 3722 417 3793 ἐνιαύσιον
439 3723 525 3816 πρὸς
550 3727 686 3815 τροφήν.
730 3722 862 3792 κάκεῖνα
888 3724 999 3791 πάντα
1024 3722 1142 3810 μικρός

100 3850 155 3905 τις
178 3823 417 3916 ἀνθρωπίσκος
437 3835 541 3919 γέρων
562 3825 626 3919 ἤδη
649 3827 767 3910 έσωζεν
793 3824 861 3895 ῦπδ
888 3829 992 3915 λεπτῇ
1019 3825 1142 3911 κάμακι

100 3925 146 3995 τὰ
173 3933 352 4017 τηλικαῦτα
377 3934 528 4019 πηδάλια
554 3937 799 4021 περιστρέφων·
832 3929 966 4018 ἐδείχθη
992 3929 1055 4021 γάρ
1079 3950 1142 4015 μοι

100 4026 354 4122 ἀναφαλαντίας
371 4061 432 4118 τις,
452 4027 558 4121 σύλας,
570 4032 685 4128 Ἥρων,
706 4033 810 4124 οἶμαι,
828 4029 986 4121 τούνομα.

158 4135 254 4182 muciani
267 4138 310 4181 υοί.
321 4136 356 4182 HI.
685 4186 694 4196 ,
950 4139 968 4194 8
