2748 4572
222 231 269 297 66
356 202 359 209 ’
553 294 556 298 A
621 238 876 302 ιοτκιιαοῑ

225 347 479 431 ἐπιτοξάζονται
503 346 662 435 καθάπερ
687 371 721 412 τι
746 344 883 431 κώλυμα
906 346 963 413 καὶ
989 343 1152 429 ἐμπόδιον
1177 358 1265 437 προ,

226 453 404 542 οριύμενοι,
424 453 480 517 καὶ
498 450 634 529 ἕκαστος
652 448 759 516 τίεται
772 452 909 533 πρῶτος
927 444 1027 526 αάτὸς
1046 447 1188 517 ἐσεσθαι
1204 447 1265 521 τδν

225 567 409 643 κορυφαῖον
437 552 557 621 ἐκείνω
579 550 840 639 ἐκπολιορκήσας
865 553 922 618 καὶ
947 555 1006 639 τῆς
1032 553 1148 639 φιλίας
1165 549 1288 628 ’ἄπει

226 657 479 753 σκευασάμενος.
506 654 578 725 οἶόν
595 682 630 722 τι
646 657 705 722 καλ
720 652 778 723 ἐπὶ
792 665 866 734 τοῖς
882 665 1050 740 γυμνικοῖς
1064 650 1190 741 ἀγῶσιν
1203 654 1264 725 ἐπλ

225 768 292 828 τῶν
311 760 458 849 δρομέων
475 764 634 846 γίγνεται·
660 753 755 824 κάκεῖ
768 753 831 846 γάρ
851 752 869 824 δ
886 757 947 841 μὲν
970 751 1103 842 άγαθδς
1119 756 1264 847 δρομεὺς

224 870 286 951 τῆς
309 857 478 950 ύσπληγος
509 857 625 940 εύθύς·
642 859 895 945 καταπεσούσης
923 858 1025 944 μόνον
1054 865 1114 928 τού
1138 862 1263 949 πρόσω

211 964 400 1053 ’ἀφιέμενος
415 968 472 1030 καὶ
487 962 547 1053 τὴν
563 964 715 1032 διάνοιαν
733 958 912 1045 ἀποτείνας
929 957 1015 1050 πρὸς
1026 959 1066 1053 τὸ
1079 966 1187 1053 τέρμα
1201 961 1263 1034 κάν

224 1080 298 1148 τοῖς
315 1070 399 1135 ποσί
416 1065 473 1155 τὴν
492 1065 620 1147 ἐλπίδα
630 1072 688 1153 τῆς
709 1070 799 1152 νίκης
822 1063 903 1146 ἐχων
921 1062 982 1132 τὸν
1004 1067 1149 1152 πλησίον
1166 1064 1263 1137 οὐδὲν

224 1181 400 1256 κακουργεῖ
422 1168 500 1237 οάδέ
520 1196 556 1236 τι
580 1174 647 1236 τῶν
672 1165 757 1235 κατὰ
777 1165 856 1248 τοὺς
878 1164 1064 1263 ἀγωνιστάς
1084 1171 1264 1258 πολυπρα-

224 1285 351 1360 γμονεῖ,
381 1268 398 1339 ό
427 1274 464 1340 δέ
489 1269 588 1352 κακὸς
615 1271 736 1349 ἐκεῖνος
762 1273 818 1336 καλ
845 1267 993 1349 ἀναθλος
1020 1265 1263 1361 ἀνταγωνιστὴς
1358 1292 1361 1299 ·

106 1365 117 1378 ’
225 1371 391 1462 ἀπογνούς
408 1373 466 1461 τὴν
485 1374 520 1442 ἐκ
536 1374 734 1467 τούτάχους
756 1372 877 1441 ἐλπίδα
898 1371 957 1439 ἐπὶ
977 1370 1036 1460 τὴν
1053 1379 1262 1456 κακοτεχνίαν

174 1516 182 1522 -
225 1475 397 1567 ἐτράπετο,
416 1481 473 1545 καὶ
489 1483 589 1546 τοῦτο
607 1477 708 1561 μόνον
727 1473 763 1557 ἐξ
780 1472 929 1556 ἅπαντος
947 1487 1077 1556 σκοπεῖ,
1096 1471 1191 1555 όπως
1203 1474 1263 1545 τόν

223 1585 380 1668 τρέχοντα
399 1578 544 1663 ἐπισχὼν
560 1575 583 1666 ἢ
601 1578 786 1663 ἐμποδίσας
800 1577 998 1663 ἐπιστομιεῖ,
1019 1575 1074 1657 ὥς,
1095 1578 1126 1647 εἰ
1138 1579 1259 1652 τούτου

225 1682 418 1770 διαμάρτοι,
441 1680 501 1748 οὐκ
523 1678 563 1748 ἀν
584 1705 668 1748 ποτε
689 1684 820 1768 νικῆσαι
843 1681 1031 1771 δυνάμενος.
1076 1678 1201 1767 ὁμοίως
1222 1681 1262 1751 δέ
1328 1712 1331 1717 ’

223 1783 357 1862 τούτοις
365 1780 424 1865 κάν
436 1796 511 1863 τοῖς
525 1787 654 1872 φιλίαις
667 1789 732 1851 τῶν
747 1775 951 1868 εὐδαιμόνων
962 1783 1089 1852 τούτων
1101 1789 1261 1871 γίγνεται·

223 1882 253 1951 δ’
266 1884 328 1974 γὰρ
351 1892 502 1972 προέχων
526 1883 642 1955 αάτίκα
665 1885 916 1971 ἐπιβουλεύεται
936 1890 992 1953 καὶ
1015 1882 1205 1975 ἀφύλακτος
1227 1885 1262 1955 ἐν

166 2078 169 2087 1
198 2008 205 2015 ’
222 1993 315 2077 μέσῳ
334 1976 479 2078 ληφθεὶς
496 1995 563 2058 τῶν
581 1990 748 2073 δυσμενῶν
766 1986 979 2078 ἀνηρπάσθη,
1000 1988 1033 2055 ολ
1048 1985 1261 2075 δὲ’ἀγαπαῖυ·

221 2117 281 2158 ται
301 2094 358 2157 καὶ
379 2096 476 2180 φίλοι
498 2092 650 2160 δοκοῦσιν
678 2092 714 2173 ἐξ
739 2083 785 2160 ὦν
807 2091 928 2171 ἀλλους
948 2091 1109 2176 βλάπτειν
1132 2091 1209 2173 ἐδοξ
1248 2142 1259 2163 .

173 2215 206 2264 13
223 2194 317 2289 τόιτε
336 2188 532 2275 ἀξιόπιστον
549 2201 608 2283 τῆς
626 2196 783 2284 διαβολῆς
801 2194 861 2279 οάχ
874 2192 920 2274 ὥς
933 2193 1042 2277 ἐευχεν
1058 2193 1258 2277 ἐπινοοῦσιν,
1286 2197 1291 2204 ’
1360 2188 1361 2193 ¹

223 2293 292 2364 ἀλλ’
309 2298 343 2365 ἐν
363 2298 471 2384 τούτῳ
494 2296 533 2365 τὸ
556 2296 765 2378 nav-'amec
792 2298 879 2367 ἐστιν
902 2296 1005 2384 ἐργον,
1035 2298 1204 2365 δεδοικόσι
1224 2323 1261 2365 τι

201 2458 204 2461 ,
221 2400 405 2489 προσάψαι
422 2397 598 2487 ἀπφδὸκῆ
616 2404 679 2467 καλ
689 2398 872 2491 ἀλλότριον.
909 2400 955 2481 ὥς
974 2398 1006 2468 δ’
1018 2391 1076 2468 σύν
1094 2398 1151 2467 ἐπὶ
1167 2397 1259 2466 πολὺ
1359 2466 1360 2481 ,

221 2499 265 2568 τὰ
282 2502 452 2589 προσόντα
470 2509 522 2589 τῷ
536 2485 783 2591 διαβαλλομένῳ
793 2494 888 2592 πρός
905 2505 944 2573 τὸ
965 2516 1075 2593 χεῖρον
1092 2502 1262 2586 μεταβάλ-

222 2606 334 2683 λοντες
357 2602 417 2671 οάκ
439 2602 633 2684 ἀπιθάνους
658 2604 836 2675 ποιούνται
860 2605 921 2686 τὰς
938 2610 1158 2694 κατηγορίας,
1188 2602 1262 2671 οἷον
1317 2686 1320 2691 ⁴

222 2704 280 2775 τὸν
296 2708 356 2791 μέν
376 2705 488 2792 ἰατρὸν
507 2708 742 2791 διαβάλλουσιν
760 2705 806 2790 ὥς
820 2714 1005 2799 φαρμακία,
1025 2706 1082 2776 τὸν
1096 2708 1259 2777 πλούσιον

128 2842 132 2853 ·
223 2809 260 2876 δέ
278 2805 324 2888 ιύς
341 2810 506 2896 τύραννον,
525 2806 582 2905 τὸν
598 2810 788 2900 τυραννικὸν
806 2814 843 2880 δέ
861 2809 907 2892 ὥς
923 2811 1134 2902 προδοτικόν.

156 2933 205 2995 Ιιι
271 2908 392 2979 Ἑνίοτε
409 2917 523 2994 μέντοι
540 2914 596 2979 καλ
614 2911 632 2981 ὃ
652 2910 860 2999 ἀκροώμενος
879 2912 979 2994 αύτδς
995 2910 1182 2998 ὑποβάλλει
1199 2919 1260 3002 τῆς

221 3013 381 3102 διαβολῆς
397 3012 459 3094 τὰς
476 3012 645 3105 ἀφορμὰς,
669 3023 726 3093 καί
747 3013 832 3106 πρὸς
853 3014 911 3084 τὸν
933 3015 1055 3086 ἐκείνου
1077 3017 1204 3106 τρόπον
1223 3015 1271 3092 οἱ

220 3116 400 3205 κακοήθεις
422 3114 519 3185 αύτοὶ
541 3116 760 3207 ἀρμοζόμενοι
782 3118 1003 3206 εύστοχοῠσρν.
1047 3115 1086 3207 ἢν
1110 3119 1169 3203 μὲν
1195 3117 1259 3209 γὰρ

221 3220 404 3308 ζηλότυπον
423 3219 522 3290 αάτδν
541 3217 621 3289 ἀντα
639 3221 764 3303 εἰδῶσι,
780 3218 980 3304 ς(διίνευσοῗ
1001 3225 1101 3312 φασί,
1117 3217 1182 3310 ατῇ
1200 3246 1259 3309 γυ-

218 3330 309 3392 ναικί
331 3348 391 3392 σου
413 3322 507 3411 παρὰ
523 3322 563 3391 τὸ
588 3326 720 3392 δεῖπνον
741 3328 797 3391 καὶ
819 3321 950 3393 ἀπιδὼν
972 3324 1020 3405 είς
1043 3320 1147 3411 αάεὴν,
1167 3322 1260 3392 ἐστί·
1355 3408 1356 3413 ¹

219 3428 381 3508 ναξε,.καὶ
397 3423 418 3514 ἡ
436 3431 634 3521 Στρατονίκη
648 3425 734 3516 πρὸς
752 3424 851 3496 αύτὸν
869 3426 907 3497 ού
926 3422 1181 3515 μάλα,ἀηδῶς·”
1201 3427 1259 3493 καὶ

219 3524 307 3609 ὅλως
325 3527 480 3618 ἐρωτικαί
494 3534 581 3608 τινες
593 3532 648 3596 καὶ
661 3534 809 3615 μοιχικαὶ
820 3529 907 3621 πρὸς
925 3529 1025 3600 αὐτὸν
1039 3530 1076 3598 σί
1090 3530 1258 3616 διαβολαί,

218 3629 258 3722 ἢν
281 3634 317 3701 δέ
341 3630 513 3722 ποιητικὸς
534 3623 555 3721 ᾗ
576 3634 632 3700 καὶ
654 3631 712 3701 ἐπὶ
733 3633 840 3722 τούτῳ
862 3639 947 3722 μέγα
969 3638 1088 3723 φρονῇ,
1114 3627 1178 3718 “νὴ
1200 3625 1256 3699 Δί’

220 3735 458 3820 ἐχλιόαοίσου
479 3735 651 3818 Φιλόξενος
672 3734 715 3804 τὰ
738 3735 800 3824 ἐπη
822 3739 879 3805 καί
901 3738 1032 3825 διέσυρε
1048 3737 1106 3803 καὶ
1129 3730 1260 3822 ἀμετρα

146 3846 155 3859 “
221 3838 314 3911 εἶπεν
337 3837 422 3910 αύτὰ
443 3844 499 3911 καὶ
520 3836 776 3909 κακοσύνθετα.”
813 3839 958 3931 πρδςδλ
978 3837 1037 3908 τὸν
1060 3834 1178 3924 εύσιβῆ
1200 3837 1259 3903 καί

222 3947 387 4037 φιλόθεον
405 3943 451 4027 ὥς
468 3944 574 4027 ἀθεος
589 3950 645 4014 καί
662 3941 797 4024 ἀνόσως
814 3941 833 4013 ὁ
852 3947 950 4033 φίλος
968 3943 1185 4028 διαβάλλεται
1201 3940 1258 4007 καλ

221 4044 269 4130 ὥς
284 4047 324 4117 τὸ
337 4056 434 4121 θείου
447 4049 712 4142 παρωθούμενος
723 4050 780 4115 καὶ
792 4045 850 4138 τὴν
867 4046 1029 4139 πρόνοιαν
1046 4042 1257 4137 ἀρνούμενος
