2792 4580
226 209 293 283 194
613 221 871 277 ιονειιαοκ

125 332 130 343 ”
226 328 385 409 έθέλωσι,
404 327 610 416 προπιόντος
626 332 687 394 τοῦ
703 328 877 394 πλουσίου.
912 322 958 413 μὴ
977 324 1158 413 ἐπάναγκες
1175 326 1261 397 όστω

225 437 344 513 πίνειν,
367 426 406 518 ἥν
427 456 479 510 τις
494 427 540 517 μὴ
564 430 709 517 δύνηται.
751 427 784 508 ἐς
801 428 840 495 τὸ
858 428 1047 513 συμπόσιον
1063 429 1146 518 μήτε
1165 426 1263 519 όρχη-

107 594 111 599 «
226 532 306 623 στὴν
323 533 406 621 μήτε
423 530 621 621 κιθαριστὴν
639 529 760 612 αύτούς
773 528 865 619 άγειν
878 528 954 619 άρτι
966 531 1180 616 μανθάνοντα
1194 531 1263 614 ἑξέ-

227 660 311 717 στω,
333 632 373 724 ἤν
393 661 445 716 τις
467 635 579 725 ἐθέλῃ.
615 636 813 721 σκώμματος
833 633 993 723 μέτρσν”
973 658 1058 702 εστω
1076 632 1115 702 τὸ
1134 631 1263 704 άλοπον

227 737 272 808 έπ
274 741 418 811 ίπάσιν.
445 737 721 807 πεττενάιωσαν
706 738 919 825 επὶκαρύων
927 764 975 845 ην
987 763 1040 817 τις
1053 734 1104 805 ἐπ’
1117 734 1262 828 ἀργυρίῳ

226 843 401 967 πεττούσῃ,
422 837 537 966 όῖσιτος
555 841 588 922 ές
604 839 663 929 τὴν
680 837 893 930 όστεραίαν”
875 864 971 908 εστω
997 842 1054 907 καί
1069 845 1193 925 μενέτω
1206 843 1264 908 καλ

228 941 379 1014 άπίτω”
360 968 495 1024 εκαστος
518 942 645 1012 ὁπόταν
665 944 836 1031 βούληται.
873 941 957 1011 ἐπὰν
981 944 1017 1011 δὲ
1034 941 1112 1022 τοὺς
1131 943 1262 1024 οἰκέτας

229 1072 248 1116 ο
235 1043 480 1126 “πλούσιος’
447 1053 566 1136 εοωχῇ,
591 1046 827 1115 διακονούντων
843 1049 899 1113 καί
918 1045 952 1113 ol
969 1043 1116 1136 φίλοι
1082 1071 1140 1114 σον
1160 1044 1264 1135 αύτῳ.

227 1147 307 1228 τοδς
324 1150 446 1235 νόμους
463 1150 601 1231 τούτους
619 1150 837 1218 ἕκαστοντῶν
859 1151 1029 1217 πλουσίων
1052 1148 1264 1237 ἐγγράψαντα
1390 1214 1391 1227 ,

228 1250 263 1332 ές
277 1255 398 1340 χαλκῆν
416 1252 534 1340 στήλην
553 1253 636 1336 έχειν
655 1251 687 1321 ἓν
703 1252 894 1340 μεσαιτάτῳ
911 1258 970 1341 τῆς
983 1250 1093 1340 αύλῆς,
1113 1253 1169 1318 καὶ
1184 1249 1265 1319 άνα-
1390 1244 1391 1309 j

226 1359 442 1442 γιγνωσκέτω.
470 1356 521 1422 δεῖ
539 1356 576 1422 δὲ
594 1355 715 1423 εἰδέναι
733 1352 785 1424 ότι
799 1353 863 1424 ἴστ’
874 1353 914 1425 δν
927 1351 1010 1443 αὕτη
1023 1351 1043 1442 ἡ
1058 1354 1158 1443 στήλη
1171 1360 1263 1442 μένῃ,

229 1452 305 1525 ούτε
322 1455 418 1542 λιμὸς
437 1454 512 1525 ούτε
530 1456 646 1542 λοιμὸς
664 1456 739 1526 ούτε
756 1456 904 1545 πυρκαϊὰ
927 1454 1001 1525 οὕτε
1020 1452 1100 1524 άλλο
1116 1455 1264 1539 χαλεπόν
1283 1494 1292 1504 ·

228 1556 323 1628 οὐδέν
341 1560 477 1629 εἴσεισιν
495 1559 529 1639 ἐς
544 1558 602 1648 τὴν
621 1551 727 1628 οἰκίαν
745 1557 869 1640 αότοῖς.
902 1556 941 1648 ἢν
960 1561 998 1627 δέ
1014 1585 1098 1628 ποτε
1116 1599 1158 1611 -
1177 1555 1264 1650 ὅπερ

228 1660 274 1749 μὴ
291 1666 419 1748 γένοιτο
436 1701 479 1712 -
496 1667 699 1751 καθαιρεθῇ,
720 1659 953 1752 ἀποτρόπαιον
968 1660 1028 1754 ,οἷα
1046 1667 1233 1730 πείσονται.

734 1849 760 1905 3,

500 1958 746 2031 ΕΠΙΣΤΟΛΑΙ
766 1961 992 2017 ΚΡΟΝΙΚΔΙ.

737 2090 759 2136 1.

181 2190 213 2240 19
284 2199 340 2242 περ
359 2173 460 2261 idom)
478 2200 610 2245 mmm.
642 2175 850 2267 Ἐγεγράφειν
867 2178 926 2263 μὲν
947 2173 1009 2265 η’δη
1033 2200 1088 2244 σοι
1105 2180 1161 2245 καὶ
1178 2179 1267 2265 πρό-

227 2299 322 2400 τερον
340 2276 447 2399 δηλῶν
465 2276 498 2346 ἐν
522 2277 624 2359 ow
591 2306 659 2368 ειην
676 2284 732 2347 καὶ
749 2277 796 2361 ὥς
816 2277 884 2349 ύπὸ
903 2285 1020 2359 πενίας
1041 2281 1265 2366 κινδυνεύοιμι

227 2378 330 2464 μόνος
348 2374 487 2470 άμοιρος
505 2379 589 2449 εἶναι
609 2389 668 2476 τῆς
690 2382 817 2471 ἑορτῆς,
841 2383 880 2471 ἣν
903 2382 1158 2470 έπήγγελκος,”
1140 2409 1190 2453 ετι
1207 2387 1266 2451 καί

228 2485 328 2547 τοῦτο
350 2488 580 2567 προσθείς-
600 2489 766 2572 μέμνημαι
789 2486 919 2574 ,γάρ-
942 2483 1150 2574 άλογώτατον
1178 2482 1265 2555 εἶναι

227 2577 306 2662 τοὺς
322 2579 418 2665 μέν
398 2589 491 2671 ημῶν
508 2580 750 2674 όπερπλοοτεῖν
761 2590 817 2654 καί
828 2595 957 2678 τρυφάν
973 2586 1010 2656 ού
1028 2595 1266 2668 κοινωνοῦντας

229 2675 276 2754 ὧν
293 2682 405 2768 έχουσι
420 2697 493 2767 τοῖς
504 2693 723 2777 πενεστέροις,
742 2714 819 2769 τους
833 2692 870 2757 δ
882 2693 968 2779 λιμῷ
983 2692 1264 2779 διαφθείρεσθαι,

228 2789 411 2855 καὶταῦτα
427 2791 575 2876 Κρονίων
597 2788 792 2859 ἐνεστώτων.
833 2791 908 2860 ἐπεὶ
930 2793 968 2860 δέ
987 2819 1047 2878 μοι
1068 2795 1145 2863 τότε
1167 2790 1265 2877 οὐδὲν

229 2885 538 3013 άντεπέστειλας,
519 2893 688 3018 ηγησάμην
711 2894 779 2962 δεῖν
801 2885 905 2974 αὖθις
926 2892 1112 3020 άναμνησαί
1135 2919 1173 2963 σε
1195 2903 1266 2965 τῶν
1391 2950 1392 2975 ,

229 2987 349 3058 αύτων.
385 2983 537 3081 έχρῆν’
491 3019 556 3081 γαρ
576 3019 626 3077 σε,
652 3022 679 3062 ω
698 2992 812 3086 άριστε
829 2997 948 3086 Κρόνε,
971 2996 1009 3066 τὸ
1031 2996 1144 3067 άνισον
1160 3005 1267 3068 τοῦτο

229 3089 397 3182 ἀφελόντα
417 3094 529 3163 καί
493 3123 536 3163 τα
558 3093 712 3186 άγαθδι’
697 3124 731 3178 ες
751 3097 791 3166 τὸ
813 3097 961 3185 μέσον“
937 3125 1047 3169 απασι
1072 3107 1266 3170 καταθέντα
1391 3104 1392 3107 ’

122 3219 128 3229 ·
229 3193 346 3264 επειτα
367 3197 508 3267 κελεύειν
530 3197 767 3289 ἑορτάζειν.
741 3228 787 3282 ως
809 3204 903 3270 δὲ
866 3231 921 3272 νυν
942 3202 1065 3288 έχομεν,
1088 3200 1265 3292 μύρμηξ”
1241 3231 1263 3292 η

227 3300 382 3388 κάμηλος,
402 3298 449 3382 ὥς
465 3298 485 3390 ἦ
504 3309 671 3390 παροιμία
689 3309 783 3394 φησί.
810 3308 934 3390 μᾶλλον
952 3307 989 3374 δδ
1006 3303 1158 3393 τραγικὸν
1175 3303 1266 3375 ὕπο-

228 3400 339 3492 κριτὴν
348 3401 500 3492 ίννόησον
512 3410 649 3495 θατέρῳ
662 3408 722 3491 μὲν
734 3419 806 3474 τοῖν
819 3409 939 3478 ποδοῖν
953 3406 1004 3498 ἐφ’
1017 3405 1150 3496 ὗψηλοῦ
1161 3415 1266 3498 βεβη-
1391 3448 1392 3457 ¹

229 3504 320 3587 κότα,
336 3503 405 3573 οἷοί
417 3506 500 3576 εἰσιν
515 3506 548 3575 σί
561 3511 711 3603 τραγικοί
724 3509 877 3595 ἐμβάται,
893 3508 911 3578 ό
926 3508 957 3580 δ’
970 3510 1080 3598 ἕτερος
1093 3508 1269 3601 άνοπόδη»
1391 3500 1392 3513 ’

227 3606 390 3688 τοςέστω.
414 3608 444 3676 εἰ
452 3615 560 3679 τοίνυν
567 3604 701 3696 βαδίζοι
708 3607 812 3694 οὕτως
822 3612 912 3698 έχων,
928 3612 1009 3704 δρᾷς
1022 3609 1076 3682 ότι
1085 3612 1280 3703 ἀναγκαῖον

230 3707 320 3799 αύτῷ
338 3707 415 3802 άρτι
430 3713 490 3798 μέν
506 3709 640 3803 δψηλῷ,
662 3711 741 3805 άρτι
759 3717 795 3784 δέ
815 3722 963 3805 ταπεινῷ
983 3721 1157 3803 γενέσθαι,
1181 3712 1263 3785 καθ’

214 3810 391 3902 ’ὁπότερον
409 3812 450 3884 δν
466 3817 560 3885 πόδα
576 3823 751 3908 προβαίνη.
778 3825 938 3888 τοσοῦτον
954 3816 1014 3887 κάν
1026 3826 1075 3908 τῷ
1087 3827 1153 3908 βίῳ
1167 3816 1266 3907 ἡμῶν

216 3914 268 3983 ,τὸ
291 3914 420 3987 άνισον·
441 3921 497 3987 καὶ
520 3919 554 3988 οἱ
573 3921 633 4006 μὲν
654 3917 903 4011 ὗποδησάμενοι
925 3921 1071 4009 ἐμβάτας
1087 3929 1146 4009 τῆς
1162 3922 1267 4009 τύχης
1303 3931 1307 3939 ’

225 4020 431 4110 χορηγούσης
453 4021 711 4115 έντραγῳδοῦσιν
732 4021 820 4115 ἡμῖν,
844 4026 878 4094 σί
899 4027 1021 4103 πολλοὶ
1043 4026 1079 4093 δέ
1100 4025 1184 4115 πεζῇ
1204 4025 1267 4091 καὶ
