2792 4580
249 246 356 303 κατα
382 218 642 302 Σκκαοτιοκ
661 246 694 301 n
712 242 897 301 ιισιοιῐ
916 245 1037 302 ου-ιε.
1093 230 1157 300 217
1256 204 1259 215 ’

124 354 273 444 μάλιστα
295 347 413 419 ἔπιδ’
394 350 567 438 ηχατάκτει
591 348 675 435 μετὰ
699 357 799 418 τοῦτο
827 342 873 430 ῶς
895 347 935 418 ἀν
954 344 1004 417 τδι
1007 355 1159 471 μέγιστα

125 454 329 546 ἠδικημένος.

179 558 217 627 Οί
231 557 268 625 δέ
282 554 416 643 ἀμφὶ
382 582 440 624 τον
445 550 596 645 Ἕρμωνα
608 558 663 622 καλ
675 549 899 680 Ζηνόθεμιν”
876 580 946 641 αμα
962 560 1155 640 κατέκειντο,
1174 578 1211 626 48

126 657 242 749 ῶσπερ
261 657 397 746 εἴρηται,
418 683 436 724 ο
424 653 549 783 ‘555‘
530 658 684 747 υπεράνω
699 683 718 724 ο
705 655 929 746 Ζηνόθεμις,
948 684 966 726 ο
955 655 1049 726 ‘'‘5
1030 687 1080 727 υπ
1099 655 1159 726 ού-

21 808 23 815 1
123 763 199 833 τόν·
226 765 401 849 παρέκειτο
424 757 455 827 5
472 756 585 840 αύτοῑς
605 757 648 826 τὰ
673 760 733 845 μέν
758 756 843 826 ἀλλα
868 761 979 828 πάντα
1004 762 1075 844 ισα,
1102 764 1159 829 καὶ

126 862 296 933 ἀνείλοντο
309 863 494 952 εἰρηνικῶς·
512 859 531 949 ἦ
547 863 583 929 δέ
596 857 685 947 όρνις
697 859 716 949 ἡ
730 860 797 952 πρὸ
810 869 869 930 τοῦ
880 857 1045 949 Ἕρμωνος
1059 888 1159 948 πιμε-

20 1016 22 1059 η
125 970 278 1052 λεστέρα,
299 961 418 1046 ούτως,
439 960 547 1050 οἶμαι,
566 964 672 1048 τυχόν.
710 963 777 1031 έδει
796 966 904 1032 δὲκαὶ
924 966 1048 1044 ταύτας
1065 962 1159 1032 ἀναι-

20 1070 21 1109 ³
125 1075 281 1159 ρεῖσθαι,
305 1065 362 1156 τήν
382 1067 499 1134 ἑαυτοῦ
518 1066 678 1156 ἑκάτερον.
716 1065 749 1133 έν
765 1066 871 1154 τούτῳ
889 1072 998 1135 τοίνυν
1020 1064 1038 1135 5
1057 1067 1160 1155 Ζηνό-

124 1179 229 1255 θεμις
246 1209 288 1218 -
305 1176 361 1236 καί
373 1195 441 1254 μοι,
462 1160 490 1235 ῶ
507 1173 622 1251 Φίλων,
642 1170 729 1236 πάνυ
743 1169 886 1255 πρόσεχε
899 1168 956 1237 τὸν
968 1176 1053 1251 νοῦν,
1074 1167 1158 1255 ὁμοῦ

121 1271 188 1362 γάρ
207 1270 303 1356 έσμεν
319 1267 382 1359 ήδη
399 1278 447 1359 τῷ
464 1275 634 1359 κεφαλαίῳ
648 1277 714 1338 τῶν
727 1276 944 1357 πραχθέντων
957 1311 1000 1323 -
1013 1268 1031 1338 5
1046 1273 1083 1337 δέ
1095 1262 1161 1359 Ζη-

124 1374 275 1457 νόθεμις,
292 1376 387 1461 φημὶ,
402 1372 460 1460 τὴν
473 1370 550 1459 παρ’
565 1369 654 1461 αύτῷ
667 1370 765 1461 ἀφεὶς
777 1370 836 1459 τὴν
848 1370 915 1457 πρὸ
929 1379 987 1457 τοῦ
994 1367 1161 1460 Ἕρμωνος

123 1473 273 1561 ἀνείλετο
295 1480 463 1563 πιοτέραν,
492 1473 538 1554 ῶς
564 1475 654 1564 έφην,
684 1467 800 1543 οὖσαν·
829 1471 847 1541 5
871 1471 902 1540 δ’
919 1471 1159 1559 ἀντεπελάβετο

125 1582 182 1645 καλ
205 1574 263 1646 οάκ
286 1581 339 1646 ε’ία
356 1582 572 1647 πλεονεκτεῖν.
606 1577 668 1666 βοὴ
690 1576 730 1646 τὸ
754 1578 810 1645 έπλ
832 1578 976 1656 τούτοις,
999 1581 1054 1645 καί
1077 1601 1160 1662 συμ-

18 1690 19 1695 ’
126 1682 286 1760 πεσόντες
301 1680 417 1748 ἐ’παιον
432 1679 591 1769 ἀλλήλους
604 1694 679 1761 ταῖς
692 1677 816 1769 ἀρνισιν
826 1677 941 1760 αύταῑς
952 1679 984 1760 ές
997 1679 1040 1747 τὰ
1053 1680 1160 1763 πρόσ-

127 1809 216 1864 ωπα,
226 1785 355 1849 καὶτῶν
364 1784 531 1869 πωγώνων
541 1783 773 1873 ἐπειλημμένοι
782 1782 999 1851 ἐπεκαλοῦντο
1007 1788 1158 1869 βοηθεῖν,

126 1882 146 1955 5
165 1887 225 1972 μέν
242 1884 307 1952 τὸν
316 1887 506 1973 Κλεόδημον
525 1882 690 1972 δἝρμων,
716 1884 736 1953 5
759 1888 795 1953 55
812 1887 999 1973 Ζηνόθεμις
1013 1882 1159 1952 Ἀλκιδά-

120 2004 234 2074 μαντα
251 1989 307 2054 καὶ
324 1989 474 2074 Δίφιλον,
498 1991 553 2055 καὶ
572 1996 763 2056 συνίσταντο
782 1989 815 2055 ολ
831 1990 890 2072 μέν
909 1984 955 2066 ῶς
976 1994 1102 2066 τοῦτον,
1127 1986 1160 2054 ολ

16 2094 17 2119 ¹
126 2087 214 2169 δ’ῶς
227 2088 348 2156 έκεῖνον
361 2088 446 2176 πλὴν
458 2091 560 2174 μόνου
573 2098 633 2157 τοῦ
644 2089 767 2169 Ἴωνος·
786 2090 906 2169 ἐκεῖνος
921 2092 956 2156 δέ
968 2095 1069 2174 μέσον
1084 2087 1160 2155 λαυ-

127 2190 391 2280 τδνέφύλαττεν.
429 2191 462 2258 ολ
480 2188 510 2258 δ’
523 2192 680 2275 ἐμάχοντο
705 2196 959 2277 συμπλακέντες,
983 2194 1039 2257 καὶ
1061 2187 1078 2257 5
1100 2191 1159 2274 μέν
1176 2211 1212 2261 44

128 2296 317 2382 Ζηνόθεμις
335 2294 459 2382 σκύφον
478 2292 640 2379 ἀράμενος
658 2291 728 2362 ἀπὸ
747 2301 804 2382 τῆς
823 2293 994 2418 τραπέζης,
1014 2298 1160 2378 κείμενον

128 2395 196 2501 πρὸ
214 2421 273 2464 του
260 2394 537 2486 Αρισταινέτου,
558 2399 670 2486 ῥίπτει
687 2394 794 2464 ἐπὶ
762 2422 819 2463 τον
829 2393 989 2483 Ἕρμωνα,

193 2496 341 2565 κάκείνου
359 2494 459 2583 μλν“
436 2525 574 2587 αμαρτε,
594 2503 701 2586 παραὶ
720 2500 757 2566 δέ
774 2498 840 2566 55³
826 2497 969 2587 ετράπετ
965 2495 1086 2587 ’άλλη

130 2602 232 2669 διεῖλε
255 2603 290 2668 δέ
312 2607 370 2668 τοῦ
392 2607 535 2724 νυμφίου
557 2600 598 2671 τὸ.
618 2601 804 2688 κρανίονςές
828 2601 887 2668 δύο
913 2606 1082 2690 χρηστῶχ
1069 2601 1160 2685 μάλα

128 2706 185 2770 καὶ
205 2709 379 2790 βαθεῖτῷ
400 2705 572 2789 τραύματι.
617 2702 678 2791 βοὴ
707 2695 764 2771 οὖν
790 2701 884 2793 παρὰ
909 2710 975 2770 τῶν
1000 2707 1160 2789 γυναικῶν

128 2802 255 2891 έχένετο
272 2806 327 2872 καὶ
345 2806 574 2893 κατεπήδησαν
592 2804 626 2884 ές
642 2804 681 2873 τὸ
699 2812 891 2890 μεταίχμιον
906 2805 942 2871 αλ
955 2807 1086 2885 πολλοὶ,
1105 2807 1161 2870 καλ
1198 2848 1200 2853 -

119 2907 275 2992 μάλιστα
292 2903 311 2993 ἡ
329 2908 435 2994 μήτηρ
453 2913 513 2973 τοῦ
531 2914 716 2993 μειρακίου,
741 2906 816 2976 έπεὶ
832 2906 870 2976 τὸ
895 2906 978 2992 αἷμα
1001 2902 1082 2973 εἶδε·
1104 2907 1161 2971 καὶ

129 3006 150 3096 ἧ
172 3009 283 3096 νύμφη
308 3009 343 3075 δέ
366 3005 550 3095 ἀνεπήδησε
573 3015 766 3096 φοβηθεῖσα
792 3013 871 3097 περὶ
898 3007 1009 3076 αὐτοῦ.
1051 3008 1084 3075 ἐν
1105 3032 1162 3075 το-

131 3108 240 3197 σούτῳ
260 3112 295 3177 55
308 3107 331 3177 '5
346 3107 539 3193 Ἀλκιδάμας
556 3107 727 3199 ἠρίστευσε
743 3117 791 3198 τῶ
809 3111 1013 3198 Ζηνοθέμιδι
1030 3134 1161 3195 συμμα-

128 3219 209 3296 χῶν,
237 3216 293 3279 καλ
314 3213 465 3293 πατάξας
486 3218 527 3301 τῇ
553 3214 714 3302 βακτηρίᾳ
739 3219 799 3279 τοῦ
820 3212 1012 3298 Κλεοδήμου
1037 3212 1096 3294 μέν
1121 3209 1161 3278 τὸ

128 3319 271 3401 κρανίον,
295 3322 353 3381 τοῦ
365 3308 530 3403 Ἕρμωνος
553 3316 588 3382 δὲ
610 3313 667 3402 τὴν
686 3314 823 3401 σιαγόνα
842 3313 1003 3402 ἐπέτριψε
1023 3315 1162 3407 καὶτῶν

133 3416 268 3485 οἰκετῶν
286 3416 390 3496 ἐνίους
402 3424 541 3505 βοηθεῖν
555 3414 669 3497 αὐτοῖς
683 3414 928 3502 ἐπιχειροῦντος
944 3420 1160 3509 κατέτρωσεν·
1224 3418 1234 3425 ”

133 3515 173 3585 ού
191 3517 256 3608 μήν
273 3516 506 3608 ἀπετράποντο
526 3520 651 3603 ἐκεῖνοι,
672 3516 771 3587 ἀλλδ
790 3521 848 3605 μέν
861 3518 1051 3606 Κλεόδημος
1065 3515 1161 3607 όρθῶ

119 3618 182 3707 τῷ
206 3622 352 3709 δακτύλῳ
379 3614 436 3689 τόν
463 3620 643 3711 ὀφθαλμὸν
667 3630 727 3691 τού
749 3623 977 3711 Ζηνοθέμιδος
1003 3620 1162 3708 ἐξώρυττε

130 3724 189 3789 καλ
202 3722 260 3811 τήν
274 3725 348 3814 ῥῖνα
361 3722 515 3812 προσφὺς
529 3721 720 3812 ἀπέτραγεν,
741 3721 758 3792 5
774 3726 809 3791 δὲ
815 3720 942 3811 Ἕρμων
955 3721 1013 3789 τὸν
1021 3723 1162 3809 Δίφιλον

132 3823 193 3891 ἐπὶ
216 3832 403 3910 συμμαχίαν
425 3822 543 3913 ήκοντα
564 3833 623 3894 τοῦ
641 3828 868 3914 Ζηνοθέμιδος
889 3823 1014 3915 ἀφῆκεν
1036 3821 1093 3890 έπλ
1108 3847 1162 3890 κε-

134 3924 244 4015 φαλήν
271 3924 340 3996 ἀπὸ
367 3935 426 3996 τού
448 3930 625 4016 κλιντῆρος.
670 3927 801 4016 ἐτρώθη
831 3929 867 3994 55
891 3930 947 3993 καλ
965 3923 1116 4005 Ἱστιαῖος
1143 3922 1214 3995 545

133 4029 359 4118 γραμματικὸς
381 4030 526 4113 διαλύειν
548 4026 667 4109 αὐτούς
689 4024 875 4118 ἐπιχειρῶν,
898 4027 972 4112 λὰξ,
996 4024 1104 4115 οἶμαι,
1128 4026 1162 4107 ές
