2792 4580
251 226 360 282 Lm.
386 227 647 284 Στωαοειοε
667 228 696 282 Η
716 220 903 283 Amnon
923 228 1046 285 ντ-εε.
1097 212 1165 283 213

131 338 211 421 θης,
236 333 380 421 ῥημάτια
398 332 539 420 δάστηνα
556 335 612 399 καί
630 332 806 422 ίρωτήσεις
821 331 922 417 μόνον
939 335 995 400 καὶ
1013 334 1164 422 σχήματα

132 435 339 525 φιλοσόφων,
360 433 405 502 τά
424 432 456 502 δ’
472 432 555 502 άλλα
569 432 786 520 Ἑτοιμοκλεῖς
804 435 837 502 οί
854 438 1017 504 πλεῖστοι.
1053 440 1108 504 καὶ
1127 437 1166 504 αἱ

132 537 307 606 ἐπιστολαί
320 533 419 626 δρᾶτε
434 532 528 615 ὅπως
540 542 765 626 πρεσβυτικοί,
784 537 891 606 καὶτὸ
905 542 1093 608 τελευταῖον
1107 538 1164 609 Ολ-

130 637 204 720 νεὺς
216 636 525 728 μὲνίίρισταίνετος,
542 637 749 731 Ἑτοιμοκλῆς
763 638 962 732 δδῗίρτεμις.
986 640 1160 731 Ἡράκλεις,

131 740 266 831 εόφημα
287 743 397 810 πάντα
418 744 473 809 καὶ
500 741 596 834 ἑορτῇ
622 736 828 830 πρέποντα.”
874 741 941 835 “νὴ
959 742 1046 827 Δί’,”
1071 742 1163 813 εἶπεν
1181 765 1214 814 31

132 840 290 932 όἙρμων
308 843 637 932 ὑπερκατακείμενος·
653 844 809 935 “ἠκηκόει
821 846 893 935 γάρ,
914 844 1017 933 οἶμαι,
1038 838 1076 915 ὗν
1089 872 1163 916 τινα

132 947 336 1015 ἐσκευάσθαι
346 945 572 1037 Ἀρισταινέτῳ
592 949 625 1029 ἒς
638 948 676 1018 τὸ
692 950 834 1033 δεῖπνον,
855 946 941 1019 ὥστε
956 949 1014 1019 οόκ
1027 948 1165 1039 ἀκαιρον

132 1051 240 1131 ἐδόκει
252 1057 443 1139 μεμνῆσθαι
455 1058 514 1119 τοῦ
523 1055 746 1121 Καλυδωνίου.
767 1050 850 1120 ἀλλὰ
863 1052 949 1143 πρὸς
961 1052 1161 1143 τῆςἙστίας,

132 1145 403 1240 οἷὲίρισταίνετε,
423 1159 536 1239 πέμπε
554 1151 600 1235 ὥς
617 1156 756 1238 τάχιστα
772 1162 838 1223 τῶν
857 1152 1024 1241 ἀπαρχῶν,
1045 1156 1089 1243 μὴ
1108 1156 1164 1223 καὶ
1259 1155 1266 1162 ’

132 1256 252 1345 φθάσῃ
272 1254 290 1323 ό
308 1257 496 1346 πρεσβύτης
512 1255 579 1325 ἀπὸ
599 1254 830 1346 λιμοάιῖίσπερ
845 1256 862 1325 δ
877 1261 1063 1344 Μελέαγρος
1077 1255 1165 1325 ἀπο-

129 1363 324 1444 μαρανθείς.
351 1365 460 1427 καίτοι
479 1355 571 1426 οὐδὲν
589 1357 629 1427 ἀν
646 1360 761 1428 πάθοι
774 1360 894 1427 δεινόν·
914 1358 1086 1449 ἀδιάφορα
1100 1357 1163 1446 γὰρ

132 1457 363 1547 όΧρόσιππος
371 1459 414 1528 τδι
423 1467 561 1528 τοιαῦτα
571 1458 711 1549 ἡγεῖτο.”
732 1458 1163 1551 “Χρυσίπποογάρμίμνη-
1181 1483 1215 1532 32

132 1569 198 1631 σθε
207 1560 330 1649 δμεῖς,”
348 1564 410 1652 ἔφη
422 1561 633 1651 όΖηνόθεμις
643 1563 814 1655 ἐπεγείρας
826 1565 941 1633 ἑαυτὸν
950 1570 1005 1632 καὶ
1015 1565 1165 1655 φθεγξά

130 1690 229 1751 μενος
238 1671 461 1753 παμμέγεθες,
472 1664 519 1755 “ἢ
533 1665 669 1757 ἀφ’όνδς
679 1664 797 1754 ἀνδρὸς
807 1666 1165 1757 οόκὲννόμωςφιλοσο-

132 1775 284 1857 φοῦντος,
297 1766 540 1854 Ἑτοιμοκλέους
553 1777 612 1837 τοῦ
625 1772 753 1859 γόητος,
769 1785 917 1860 μετρεῖτε
925 1772 983 1839 τὸν
992 1770 1165 1858 Κλεάνθην

131 1874 188 1937 καὶ
197 1870 340 1958 Ζήνωνα,
358 1871 484 1960 σοφοὺς
498 1869 619 1962 ἀνδρας
624 1903 635 1955 ,·
649 1879 734 1952 τίνες
750 1874 849 1942 δὲκαὶ
859 1870 1052 1958 ἀνιεςόμεῖς
1062 1872 1166 1962 ἐρεῖτε

130 1979 254 2058 ταῦτα,·
277 1969 313 2040 οὗ
339 1972 379 2042 σὺ
401 1975 460 2058 μὲν
482 1981 547 2041 τιόν
571 1976 761 2061 Διοσκόρων
783 1973 859 2064 ἤδη,
884 1967 1063 2063 άἙρμων,
1087 1973 1165 2053 τοὺς

88 2072 90 2079 X
131 2074 326 2159 ’πλοκάμους
338 2081 573 2165 περικέκαρκας
583 2084 725 2163 χρυσοῦς
743 2072 849 2157 όντας,
868 2080 924 2143 καί
938 2077 1057 2156 διόσεις
1075 2078 1165 2162 δίκην

131 2177 343 2267 παραδοθείς
364 2184 412 2265 τηῖ
436 2180 558 2266 δημίῳ,
596 2178 635 2246 σὺ
664 2180 700 2245 δὲ
725 2178 782 2266 τὴν
804 2179 1002 2266 Σωστράτου
1029 2190 1166 2265 γυναῖκα

131 2287 192 2348 τοῦ
209 2286 364 2368 μαθητοῦ
383 2280 555 2365 ἐμοίχευες,
577 2271 795 2369 ὦΚλεόδημε,
814 2283 870 2347 καὶ
882 2278 1167 2369 καταληφθεὶςτὰ

133 2382 289 2466 α’ίσχιστα
311 2382 455 2467 &scot-939,-
483 2380 520 2449 οδ
549 2385 767 2472 σιωπήσεσθε
790 2375 847 2451 οὖν
870 2389 1009 2451 τοιαῦτα
1032 2404 1166 2449 συνεπι-

132 2486 291 2571 στάμενοι
306 2483 474 2568 ἑαυτοῖς,·”
492 2482 586 2552 “ἀλλ’
598 2484 636 2553 οὗ
653 2485 848 2575 μαστροπὸς
862 2484 925 2573 ἐγὼ
944 2492 1003 2573 τῆς
1023 2484 1167 2569 ἐμαυτοῦ

131 2585 314 2678 μοναικὸς,”
330 2579 351 2676 ἦ
365 2585 396 2655 δ’
409 2588 446 2668 ὃς
459 2585 477 2655 ό
491 2584 690 2676 Κλεόδημος,
703 2584 843 2674 “ὡ’σπερ
854 2587 902 2671 σὺ,
920 2586 996 2655 οὐδὲ
1004 2594 1064 2656 τοῦ
1072 2572 1166 2669 ξένου

131 2696 290 2778 μαθητοῦ
303 2689 413 2776 λαβὼν
426 2688 607 2780 τούφόδιον
620 2693 905 2780 παρακαταθήκας
919 2691 1034 2759 ’ἔπειτα
1050 2685 1167 2773 ὤμοσα

134 2791 219 2862 κατὰ
234 2799 294 2880 τῆς
309 2794 475 2872 Πολιάδος
492 2792 536 2881 μὴ
556 2795 734 2882 εἰληφέναι,
756 2792 827 2862 οὐδ’
841 2794 899 2861 ἐπὶ
915 2799 1069 2881 τέτταρσι
1088 2792 1168 2880 δρα-

130 2906 233 2980 χμαῖς
251 2894 398 2978 δανείζειν,
419 2893 495 2963 οάδὲ
508 2891 597 2981 ἀγχω
611 2895 688 2976 τοὺς
700 2894 866 2983 μαθητὰς,
886 2893 926 2984 ἢν
939 2894 983 2983 μὴ
998 2892 1083 2961 κατὰ
1095 2918 1167 2959 και-

134 2997 193 3085 ρὸν
212 2995 367 3067 ἀποδῶσι
383 2997 461 3077 τοὺς
477 2996 654 3082 μισθούς.”
688 2996 782 3066 “ἀλλ’
796 2995 927 3079 ἔκεῖνο,”
949 2997 1012 3085 ’όφη
1033 2993 1168 3083 όΖηνό-

135 3106 246 3185 θεμις,
262 3098 348 3169 “οάκ
364 3097 403 3167 ἀν
422 3099 554 3189 ἔξαρνος
570 3104 679 3187 γόνοιο
697 3099 741 3188 μὴ
761 3098 833 3183 οάχί
852 3101 1025 3188 φάρμακον
1040 3097 1169 3164 ἀποδό-

135 3210 223 3271 σθαι
231 3209 375 3291 Κρίτωνι
384 3203 441 3271 ἐπὶ
450 3201 507 3270 τὸν
521 3199 680 3290 πατέρα.”
707 3204 763 3269 καὶ
776 3199 855 3286 ἅμα,
872 3201 962 3283 άτυχε
976 3199 1037 3287 γὰρ
1052 3205 1165 3279 πίνων,
1186 3220 1219 3268 33

136 3304 264 3381 ὁπόσον
283 3306 331 3376 ἐ’τι
350 3303 467 3375 λοιπὸν
486 3304 518 3374 ἐν
535 3313 575 3396 τῇ
593 3306 710 3386 κύλικι,
731 3307 810 3394 περὶ
826 3301 928 3393 ἥμισυ
948 3300 1071 3385 σχεδὸν,
1091 3325 1169 3367 κατ-

124 3411 310 3477 ·εσκέδασεν
332 3404 454 3477 αὐτοῖν.
492 3406 659 3477 ἀπέλαυσε
683 3409 718 3475 δὲ
740 3410 797 3474 καί
815 3406 833 3475 ό
849 3403 922 3476 Ἴων
943 3412 1001 3494 τῆς
1023 3403 1169 3491 γειτονή-

135 3500 230 3594 σεως,
251 3510 309 3580 οὐκ
328 3510 460 3594 ἀνάξιος
479 3511 534 3580 δι’ν.
562 3509 582 3580 ό
598 3513 658 3597 μὲν
673 3502 868 3598 οόνἙρμων
887 3507 1048 3591 ἀπεξύετο
1064 3507 1098 3574 ἐκ
1110 3512 1169 3592 τῆς
1189 3584 1196 3596 ,

136 3622 282 3707 κεφαλῆς
306 3613 363 3683 τὸν
390 3612 528 3705 άκρατον
560 3613 782 3703 προνενευκὼς
808 3617 863 3681 καὶ
893 3613 970 3692 τοὺς
1000 3610 1168 3697 παρόντας

135 3718 352 3809 ἐμαρτύρετο,
378 3715 434 3784 ολα
457 3716 656 3813 ἐπεπόνθει·
685 3715 703 3784 ό
721 3717 913 3803 Κλεόδημος
937 3716 972 3780 δὲ
989 3753 1031 3763 -
1051 3706 1088 3801 οὗ
1107 3707 1168 3797 γὰρ

133 3819 204 3905 εἶχε
221 3822 336 3889 κόλικα
348 3860 390 3871 -
409 3819 627 3909 ἐπιστραφεὶς
640 3822 852 3906 προσέπτυσέ
863 3842 899 3883 τε
913 3815 972 3883 τὸν
983 3814 1170 3902 Ζηνόθεμιν

136 3927 193 3991 καὶ
218 3931 258 4013 τῇ
286 3921 442 4015 ἀριστερᾷ
467 3928 526 3990 τοῦ
540 3921 713 4008 ’πώγωνος
739 3921 919 4006 λαβόμενος
950 3910 1062 4003 ἔμελλε
1088 3919 1169 3982 παίι

138 4050 208 4097 σειν
229 4026 313 4097 κατὰ
335 4028 467 4117 κόρρης,
490 4030 546 4101 καί
565 4023 751 4099 ἀπέκτεινεν
769 4020 808 4091 ἀν
825 4021 882 4090 τὸν
904 4028 1053 4112 γέροντα,
1078 4018 1169 4105 εἰμὴ
