2730 4584
280 238 446 294 Lxxvm.
472 237 773 297 εΧοειΔΗιιοΣ
795 239 914 295 ιυ-ιε.
1050 225 1118 293 29ῖ

34 368 38 373 ·
81 356 144 432 νῦν,
169 343 253 415 ἄλλά
274 343 320 432 μή
342 346 421 433 περὶ
442 342 595 424 κάλλους,
617 338 751 431 ἤρκεσεν
773 340 814 410 άν
834 340 912 432 ήμῖν
934 341 1116 413 άκούσασιν

84 451 151 531 ἐνὸς
167 448 324 526 είπόντος
339 443 560 534 ἀπηλλάχθαι
576 448 656 532 περὶ
674 442 791 521 αὐτοῦ·
813 453 912 514 τοῦτο
931 442 963 513 δ’
975 442 1041 533 άρα
1058 473 1116 515 το·

85 554 203 640 σαύτην
222 548 394 639 αἰφθονίαν
410 552 589 636 παρέχωσι
610 561 685 628 τοῖς
704 551 919 635 βουλομένοις
941 544 1116 617 ἅπτεσθαι

84 663 148 731 τῶν
171 655 251 742 περί
271 651 390 720 τούτου
413 650 528 737 λόγων,
557 645 634 718 ὥστ’
651 648 722 734 σύν,
746 651 777 719 εί
797 650 842 740 μή
864 648 932 719 κατ’
949 648 1043 733 άξίαν
1064 678 1118 732 τις

85 759 232 849 ἐφίκοιτο
249 754 414 842 τῷλόγῳ,
433 754 575 837 νομίζειν
593 755 771 844 δυστυχεῖν,
792 750 860 820 ἀλλ’
871 750 910 842 ἢν
927 752 1013 839 πρὸς
1031 757 1118 821 πολ·
1161 778 1167 785 ·

84 863 154 940 λοῖς
172 855 286 937 ἄλλοις
302 853 452 936 κάκεῖνός
464 882 506 925 ,τι
524 858 651 947 δυνηθῇ
674 858 908 942 συμβαλέσθαι
930 854 1017 944 πρὸς
1037 854 1120 936 τοὺς

85 961 251 1041 ἐπαίνους,
270 948 328 1047 τῆς
346 955 516 1045 ἀμείνονος
535 959 671 1027 οἴεσθαι
688 965 923 1048 πεπειρᾶσθαι
939 960 1045 1047 τύχης.
1077 957 1119 1026 τὸ

84 1064 146 1154 μὰρ
165 1058 252 1131 ούτω
270 1064 329 1146 μὲν
347 1067 540 1151 περιφανῶς
558 1058 625 1130 όπὸ
644 1068 711 1131 τῶν
727 1062 921 1146 κρειττόνων
942 1066 1121 1149 τετιμημέ-

84 1192 147 1249 νον,
169 1161 256 1233 οὕτω
276 1166 312 1232 άέ
329 1178 400 1244 τοῖς
418 1162 615 1252 άυθριύποις
634 1172 729 1246 θεῖον
743 1168 797 1232 καί
813 1165 1117 1252 περισπούδαστον,

85 1274 173 1339 πᾶσι
194 1268 230 1334 δέ
251 1280 322 1347 τοῖς
345 1258 440 1335 οόσιν
461 1267 662 1337 οἰκειότατον
683 1268 817 1351 κόσμον,
845 1269 901 1333 καί
924 1265 975 1346 οίς
996 1268 1055 1350 μὲν
1078 1264 1122 1333 άν

86 1376 179 1459 παρῇ
205 1369 299 1459 παρά
326 1371 460 1438 πάντων
487 1370 776 1454 σπουδαζομένων,
810 1359 855 1435 ὧν
882 1365 913 1436 δ’
934 1367 1119 1459 ἀφίσταται

86 1477 292 1559 μισουμένων
309 1475 365 1539 καὶ
383 1469 459 1540 οόόέ
476 1475 700 1561 προσβλέπειν
715 1469 925 1555 ἀξιουμένων,
945 1476 996 1550 τίς
1014 1468 1053 1537 άν
1068 1471 1120 1557 ε’ίη

85 1574 245 1644 τοσούτου
265 1574 371 1661 λόγων
392 1573 597 1660 μετεσχηκώς
619 1570 695 1641 ὥστ’
712 1573 886 1642 ἐπαινέσαι
911 1572 998 1663 πρὸς
1024 1570 1121 1657 άξίαυ
1198 1566 1201 1571 “

86 1674 239 1765 άρκέσαι,·
263 1674 301 1744 οά
320 1674 384 1765 μὴν
407 1673 475 1743 ἀλλ’
491 1675 675 1763 ἐπειδήπερ
693 1672 782 1745 ούτω
803 1679 937 1746 πολλῶν
959 1673 1049 1763 αύτῷ
1068 1677 1121 1743 δεῖ

84 1786 153 1849 τῶν
171 1778 410 1849 ἐπαινεσάντων
429 1774 515 1847 ὥστε
533 1779 631 1864 μόλις
651 1776 690 1847 άν
708 1786 767 1869 τῆς
781 1775 877 1862 άξίας
887 1791 1005 1863 τυχεῖν
1026 1775 1123 1846 οὐδέν
1245 1806 1251 1813 ·

87 1878 228 1961 άπεικὸς
249 1884 304 1949 καὶ
325 1878 414 1970 ήμάς
436 1880 590 1972 ἐγχειρεῖν
612 1909 645 1949 τι
668 1885 772 1969 λέγειν
797 1885 877 1970 περὶ
900 1878 1015 1963 αὐτοῦ,
1042 1884 1124 1966 μέλ·

86 1984 205 2063 λοντάς
221 2006 259 2071 με
274 1982 358 2068 μετὰ
378 1986 507 2052 Φίλωνα
524 1990 705 2053 ποιεῖσθαι
721 1982 799 2063 τοὺς
816 1985 945 2072 λόγους.
973 1980 1120 2071 ούτωόή

87 2087 287 2172 σεμνότατον
304 2089 361 2155 καί
377 2086 555 2154 θειότατον
572 2093 639 2154 τῶν
657 2083 759 2154 όντων
778 2087 875 2168 ἐστὶν,
896 2081 1024 2154 ὥστε..
1033 2081 1118 2152 ..ἐν’

89 2185 156 2261 ὅσα
172 2192 254 2256 θεοί
267 2187 387 2267 καλοὺς
403 2190 597 2277 τετιμήκασι
614 2192 759 2275 παραλωί
758 2213 825 2256 πω.

141 2282 267 2360 Αλλ
229 2317 285 2361 ουν
304 2291 337 2361 ἐν
359 2304 434 2371 τοῖς
449 2290 516 2359 άνω
537 2292 668 2378 χρόνοις
690 2290 725 2358 έκ
742 2287 824 2371 Διὸς
837 2287 944 2414 Ἑλένη
967 2314 1054 2377 μενοι
1041 2293 1119 2378 μίνη
1140 2312 1175 2361 16

89 2389 196 2475 ούτως
207 2392 417 2483 ἐθαυμάσθη
436 2393 530 2483 παρὰ
552 2400 657 2462 πᾶσιν
679 2388 924 2482 ἀνθρώποις
901 2389 979 2461 ω’σύ
996 2392 1047 2461 ’ἔτι
1062 2400 1182 2489 τής

88 2493 179 2585 ήλικί
179 2523 218 2577 ας
244 2488 346 2564 οὖσαν
373 2495 463 2577 ἐντός
488 2497 571 2564 κατά
592 2522 667 2565 τινα
687 2502 798 2587 χρείαν
825 2494 859 2563 ἐν
879 2497 1122 2624 Πελοποννήσιη

87 2600 261 2688 γενόμενος
283 2595 301 2667 ό
322 2598 443 2687 θησεὺς
466 2596 552 2669 οὕτω
575 2605 633 2686 τῆς
656 2595 744 2686 ω’ρας
767 2597 846 2667 ίόώυ
867 2598 1017 2689 ήράσθη,
1043 2595 1122 2667 ω’στ

89 2697 192 2790 ούσης
210 2697 299 2789 αύτῷ
316 2729 372 2770 και
361 2705 556 2788 βασιλείας
568 2699 820 2792 άσῳαλεστάτης
832 2728 888 2770 και
877 2699 1050 2790 όόξης’
1014 2728 1052 2769 ου
1065 2708 1126 2790 τής

87 2804 251 2891 τυχούσης
273 2800 364 2889 ὅμως
387 2801 446 2873 ούκ
468 2801 552 2893 ᾤετο
577 2805 701 2891 βιωτὸν
728 2803 819 2893 αύτῷ
845 2805 966 2893 ταύτης
991 2804 1127 2893 ἐστερη-

87 2910 187 2993 μένην,
207 2908 390 2994 παρελθεῖν
404 2903 435 2973 δ’
447 2903 487 2974 άν
501 2909 628 2988 πάντας
641 2905 842 2996 εὐδαιμονίην,
858 2908 888 2974 εἰ
900 2908 1021 2995 ταύτην
1035 2905 1127 2995 αύτῷ

87 3014 218 3098 γένοιτο
238 3020 406 3077 συνοικεῖν.
444 3005 531 3076 οάτω
550 3010 586 3076 όέ
605 3011 796 3097 διανοηθείς
812 3008 851 3077 τὸ
873 3012 933 3094 μέν
954 3010 1048 3098 παρὰ
1065 3016 1126 3078 τοῦ

89 3108 221 3197 πατρὸς
233 3112 346 3193 λαβεῖν
358 3106 512 3177 άπειπόιν
521 3148 564 3177 -,
572 3110 618 3198 μή
626 3109 688 3198 γὰρ
699 3107 740 3178 ἂν
752 3108 853 3197 αὐτὴν
862 3108 961 3178 αάτὸν
975 3111 1130 3180 ἐκδοῦναι

87 3211 195 3300 μήπω
207 3206 335 3298 ἡλικίας
346 3207 609 3301 ἡμμένην-τήν
624 3211 655 3279 δ’
667 3210 767 3301 ἀρχὴν
779 3208 1034 3300 ύπερφρονήσας
1044 3213 1130 3281 ἐκεί-

89 3339 151 3384 νου
169 3316 226 3385 καὶ
237 3312 399 3405 παριδὼν,
419 3309 625 3403 ὀλιγωρήσας
639 3316 675 3382 δὲ
687 3317 743 3382 καὶ
755 3321 822 3382 τῶν
836 3313 869 3382 ἐν
881 3314 1129 3402 Πελοποννήσῳ

90 3417 228 3486 πάντων
246 3419 370 3500 δεινοῖν,
393 3415 594 3487 κοινωνοῦντ’
611 3414 701 3506 αύτῷ
722 3423 780 3507 τῆς
803 3413 957 3505 άρπαχῆς
975 3419 1031 3483 καί
1047 3428 1131 3484 Πει-

91 3525 215 3610 ρίθουν
239 3520 456 3611 παραλαβὼν,
487 3527 547 3613 βίη
573 3514 684 3608 λοβόν
711 3518 812 3609 αάτήν
837 3527 896 3588 τοῦ
924 3518 1053 3607 πατρὸς
1078 3519 1131 3599 εἰς

87 3618 248 3710 Ἄφιδναν,
267 3623 402 3709 ἐκόμισε
421 3631 479 3713 τῆς
497 3623 652 3714 Ἀττικῆς,
675 3628 731 3693 καί
752 3624 915 3711 τοσαύτην
938 3623 1011 3707 ἐσχι
1031 3623 1131 3712 χάριν

74 3718 188 3812 ἀύτῷ
213 3732 272 3814 τής
298 3732 484 3812 συμμαχίας
509 3731 648 3815 ταυτησί
672 3723 764 3796 ὥσθ’
782 3722 889 3806 ούτως
909 3725 1046 3815 ἐφίλησε
1071 3723 1132 3794 τὸν

94 3822 231 3897 ἅπαντα
250 3829 367 3917 χρόνον
390 3824 548 3897 ὥστεκαὶ
564 3843 635 3909 τοῖς
653 3826 897 3917 ἐπιγενομένοις
913 3818 1129 3917 παράδειγμα

90 3931 337 4022 γυνέσθαιπήν
360 3936 490 4021 Θησέως
515 3933 571 3999 καί
592 3939 755 4018 Πειρίθου
782 3934 907 4020 φιλίαν.
949 3929 1066 4020 ἐπειδὴ
1093 3931 1131 3999 ύέ

91 4033 164 4104 ἔδει
180 4032 327 4109 κάκεῖνον
343 4033 481 4131 ένᾍδου
499 4041 658 4125 γενέσθαι
670 4033 728 4125 τήν
741 4035 914 4126 Δήμητρος
927 4034 1132 4125 μνηστευσά-
