2782 4574
227 246 320 305 LXV.
347 244 557 303 ΔΙΑΛΕΞΙΣ
578 245 692 303 ΠΡΟΣ
712 245 911 303 ΗΣῙΟΔΟΝ
931 246 1017 303 1-5.
1074 231 1138 298 109

89 378 162 425 ’του
180 351 238 420 καί
255 353 341 419 πλοῦ
358 351 415 417 καί
432 344 519 428 όλως
534 356 601 417 τῶν
619 345 726 418 ἄλλων
744 346 915 419 ἁπάντων·
936 351 1083 440 θάτερον
1099 350 1142 418 δέ

99 459 158 525 καί
176 453 196 523 ὃ
213 452 459 542 χρησιμώτερον
476 439 516 540 ἦν
531 458 579 539 τῶ
596 457 660 540 βίῳ
677 450 772 542 παρὰ
789 450 875 520 πολὺ
892 456 949 522 καί
965 459 1057 521 θεῶν
1071 454 1139 520 δω-

99 570 197 648 ρεαῖς
213 557 338 640 μᾶλλον
356 552 477 635 ἐοικὸς,
502 555 584 640 λέγω
608 552 720 643 δέτὴν
740 561 806 623 τῶν
826 556 1011 640 μελλόντων
1029 579 1138 645 προα-
1250 557 1258 572 “

73 661 268 749 φόρευσιν,
297 652 375 724 οὐδὲ
400 654 459 745 τὴν
481 651 581 749 ἀρχὴν
607 655 828 746 ἐξαπέφηνας,
861 654 946 725 άλλὰ
971 656 1012 726 τὸ
1037 663 1138 746 μέρος

100 768 203 831 τούτο
220 765 290 828 πᾶν
308 758 397 847 λήθῃ
415 759 666 846 παραδέδωκας,
690 757 838 844 οὐδαμοῦ
855 764 913 848 τῆς
930 756 1099 849 ποιήσεως
1115 756 1139 847 ἢ
1193 775 1204 788 ·

100 862 159 932 τὸν
171 862 346 944 Κάλχαντα
363 857 384 948 ἢ
400 858 458 928 τὸν
475 860 618 947 Τήλεμον
635 858 726 950 ἢτὸν
739 863 919 932 Πολύειδον
931 858 953 951 ἢ
966 866 1023 930 καί
1037 866 1137 930 Φινέα

101 966 344 1052 μιμησάμενος,
378 967 413 1030 οἳ
437 963 521 1050 μηδὲ
546 961 640 1053 παρὰ
664 972 807 1033 Μουσῶν
836 966 956 1033 τούτου
986 965 1139 1047 τυχόντες

102 1065 195 1153 ὅμως
213 1065 463 1153 προεθέσπιζον
480 1068 536 1132 καὶ
554 1063 613 1132 ούκ
631 1064 752 1135 ῶκνουν
766 1074 849 1153 χρᾶν
869 1080 941 1147 τοῖς
959 1068 1137 1151 δεομένοις.
1263 1071 1265 1075 ’

103 1167 191 1239 ὥστε
209 1165 332 1256 ἀνάγκη
351 1191 407 1236 σοι
423 1174 489 1235 τῶν
510 1174 612 1257 τριῶν
632 1169 758 1237 τούτων
780 1170 897 1237 αἰτιῶν
913 1174 976 1258 μιᾷ
997 1192 1034 1256 χε
1051 1168 1172 1238 πάν-ι

101 1298 170 1351 τως
188 1270 377 1353 ἐνέχεσθαι·
398 1267 420 1359 ἢ
437 1268 499 1360 γὰρ
518 1269 665 1357 ἐψεύσω,
690 1271 721 1339 ελ
737 1274 793 1338 καὶ
809 1271 928 1359 πικρὸν
950 1271 1066 1351 εἰπεῖν,
1091 1267 1139 1348 ῶς

103 1373 339 1457 ὑποσχομένων
362 1398 417 1442 σοι
438 1379 504 1441 τῶν
526 1368 668 1442 Μουσῶν
690 1370 809 1441 καὶτὰ
830 1374 991 1458 μέλλοντα
1015 1374 1140 1461 προλέ-

106 1502 175 1565 γειν
194 1464 376 1543 δύνασθαι·
394 1472 416 1564 ἢ
434 1475 471 1543 αί
487 1476 547 1561 μέν
565 1475 684 1543 έδοσαν
702 1470 816 1564 ῶσπερ
835 1472 1026 1559 ὑπέσχοντο,
1047 1471 1086 1541 σὺ
1102 1474 1141 1539 δέ

103 1577 173 1647 άπὸ
193 1578 326 1669 φθόνου
345 1574 572 1666 ἀποκρύπτεις
588 1581 644 1645 καί
660 1574 728 1646 ὑπὸ
745 1578 872 1646 κόλπου
892 1577 1069 1668 φυλάττεις
1080 1573 1138 1663 τὴν

103 1678 241 1770 δωρεάν,
259 1676 296 1746 οὗ
310 1678 508 1764 μεταδιδοὺς
522 1679 623 1769 αὐτῆς
635 1694 707 1761 τοῖς
721 1683 902 1765 δεομένοις·
921 1676 942 1768 ἢ
956 1684 1139 1769 γέγραπται

91 1859 94 1864 ,
101 1788 163 1870 μέν
178 1806 233 1851 σοι
245 1785 301 1848 καὶ
312 1787 451 1850 τοιαῦτα
464 1781 583 1863 πολλὰ,
598 1774 731 1852 οόδέπω
745 1785 782 1852 δὲ
797 1780 881 1851 αὐτὰ
894 1789 943 1871 τῷ
954 1789 1019 1870 βίῳ
1029 1807 1140 1871 παρα-

8 1966 10 1973 .
104 1886 260 1966 δέδωκας,
281 1881 339 1951 ούκ
358 1880 434 1951 οἴδα
453 1883 501 1963 είς
518 1883 686 1973 ὃνκαιρόν
702 1912 777 1955 τινα
791 1883 890 1955 ἄλλον
901 1884 1139 1971 ταμιευόμενος

8 1996 10 2053 ἶ
103 1985 164 2075 τὴν
185 1993 299 2076 χρῆσιν
322 1982 440 2053 αὐτῶν.
485 1985 587 2054 έκεῖνο
609 1988 667 2072 μέν
688 1986 751 2077 γάρ
779 1986 856 2056 οὐδὲ
881 1983 1077 2076 τολμήσαιμ
1098 1982 1140 2054 ῶν

9 2094 10 2097 ’
89 2090 222 2169 εἰπεῖν,
247 2084 293 2168 ῶς
311 2087 347 2154 αἱ
363 2094 497 2157 Μοῦσαι
520 2090 580 2157 δύο
603 2115 659 2158 σοι
676 2092 830 2178 παρέξειν
851 2088 1078 2175 ὑποσχόμεναι
1098 2085 1138 2155 τὸ

7 2256 9 2259 ,
103 2194 165 2278 μέν
184 2189 310 2273 ἐ’δοσαν,
335 2189 371 2273 ἐξ
386 2187 539 2280 ἡμισείας
557 2192 594 2258 δὲ
616 2187 850 2260 ἀνεκαλέσαντο
867 2189 926 2279 τὴν
946 2189 1136 2273 ὑπόσχεσιν,

103 2298 194 2380 λέγω
211 2294 247 2362 δὲ
262 2292 320 2381 τὴν
336 2300 403 2361 τῶν
419 2295 604 2378 μελλόντων
621 2299 751 2380 γνῶσιν,
774 2296 953 2361 καὶταῦτα
974 2298 1138 2380 προτέραν

105 2392 209 2484 αύτὴν
232 2394 265 2465 ἐν
285 2403 333 2483 τῷ
356 2395 432 2465 ἕπει
451 2382 682 2486 δπεσχημέναι.
723 2401 829 2463 ταῦτα
852 2385 910 2463 οὖν
935 2393 1029 2483 παρὰ
1049 2400 1173 2472 τίνοςε

107 2494 223 2580 άλλου,
240 2495 382 2581 Ἡσίοδε,
405 2496 427 2586 ἢ
444 2495 522 2589 παρ’
538 2496 641 2595 αὐτοῦ
660 2504 721 2566 σού
738 2498 849 2583 μάθοι
865 2524 916 2578 τις
934 2494 991 2584 άν;
1014 2502 1141 2587 πρέποι

103 2598 169 2689 γὰρ
192 2597 240 2682 ἂν,
266 2597 380 2688 ῶσπερ
404 2601 437 2671 ολ
458 2605 536 2670 θεοὶ
554 2599 723 2690 “δωτῆρες
741 2597 849 2668 έάωυ”
874 2601 967 2683 εἰσὶν,
992 2596 1078 2669 οὕτω
1104 2600 1140 2666 δὲ

104 2706 163 2771 καλ
174 2699 250 2787 ύμῖν
263 2716 335 2782 τοῖς
347 2705 460 2792 φίλοις
473 2706 528 2771 καὶ
539 2706 711 2793 μαθηταῖς
724 2700 832 2772 αύτῶν
840 2701 924 2788 μετὰ
937 2705 1048 2791 πάσης
1061 2700 1143 2787 άλη-

105 2811 206 2898 θείας
219 2804 412 2893 ἐξηγεῖσθαι
424 2809 503 2893 περὶ
516 2796 561 2873 ῶν
574 2807 645 2874 ἰ’στε
658 2810 714 2874 καὶ
726 2806 814 2875 λύειν
827 2805 904 2895 ἡμῖν
916 2804 976 2884 τὰς
985 2801 1140 2894 άπορίας.
1209 2830 1214 2839 ·

141 2923 337 2991 ‚11210A02
359 2905 447 2996 Ἐνῆν
459 2913 518 2993 μέν
530 2934 600 2993 μοι,
620 2899 647 2976 ῶ
660 2912 819 2995 βέλτιστε,
833 2910 951 2998 ῥᾳδίαν
965 2905 1141 2995 ἀπόκρισιν
1157 2927 1175 2975 4

106 3007 359 3100 ἀποκρίνασθαί
375 3036 431 3079 σοι
446 3013 526 3098 περὶ
543 3008 708 3094 ἁπάντων,
728 3007 782 3080 ότι
798 3012 899 3100 μηδέν
916 3011 989 3078 ἐστι
1005 3016 1071 3077 τῶν
1089 3008 1143 3098 ἐρ-

105 3114 359 3202 ραψῳδημένων
371 3111 426 3182 ὕπ’
438 3112 517 3198 ἐμοῦ
531 3114 617 3181 ἰ’διον
631 3111 719 3198 ἐμὸν,
735 3110 821 3180 άλλὰ
833 3118 899 3180 τῶν
913 3104 1066 3194 Μουσῶν,
1086 3114 1143 3177 καὶ

107 3215 203 3305 ἐχρῆν
225 3240 263 3284 σε
284 3214 363 3303 παρ’
379 3217 508 3285 ἐκείνων
529 3215 608 3295 τοὺς
629 3213 808 3302 λογισμοὺς
824 3221 890 3281 τῶν
912 3241 947 3283 τε
966 3215 1142 3302 εἰρημένων

107 3321 165 3389 καί
181 3318 247 3386 τῶν
264 3322 573 3409 παραλελειμμένων
591 3316 760 3387 ἀπαιτεῖν·
783 3315 847 3404 ἐγὼ
866 3317 903 3384 δέ
919 3313 1003 3406 ὑπὲρ
1021 3304 1147 3401 μὲνῶν

109 3419 182 3508 ἰδίᾳ
203 3418 406 3511 ἠπιστάμην,
430 3426 513 3509 λέγω
537 3422 574 3490 δέ
593 3427 654 3490 τοῦ
675 3425 783 3505 νέμειν
804 3422 861 3506 καὶ
881 3424 1071 3504 ποιμαίνειν
1087 3419 1145 3485 καί

108 3520 292 3605 ἐξελαύνειν
304 3528 361 3607 καὶ
371 3526 524 3610 βδάλλειν
536 3528 593 3593 καὶ
604 3530 670 3592 τῶν
683 3520 790 3593 άλλων
805 3519 868 3592 όσα
882 3527 1048 3607 ποιμένων
1066 3520 1146 3607 έργα

66 3638 78 3645 ‘
107 3628 166 3693 καὶ
183 3628 379 3714 μαθήματα,
400 3629 527 3707 δίκαιος
544 3624 583 3695 ῶν
602 3627 670 3715 είην
688 3624 944 3715 ἀπολογεῖσθαι,
964 3626 1000 3693 αλ
1013 3627 1095 3693 θεαὶ
1108 3623 1145 3690 δέ

108 3727 170 3808 τὰς
196 3726 305 3797 αὑτῶν
328 3728 454 3818 δωρεάς
476 3729 527 3811 οἶς
547 3755 584 3798 τε
610 3727 651 3797 ἂν
677 3728 823 3799 ἐθέλωσι
847 3732 904 3796 καί
930 3725 981 3817 ἐφ’
999 3722 1078 3794 ὅσον
1103 3721 1145 3791 ἂν

110 3831 249 3901 σ’ίωνται
270 3834 379 3914 καλῶς
400 3832 496 3918 ἐχειν,
520 3832 765 3918 μεταδιδόασιν.
806 3827 897 3915 όμως
918 3831 955 3898 δέ
977 3824 1035 3894 ούκ
1057 3824 1178 3907 ἄπο-,ο

109 3934 202 4023 ρήσω
220 3933 308 4025 πρὸς
325 3937 363 4005 σέ
379 3939 435 4005 καί
457 3941 631 4024 ποιητικῆς
652 3930 850 4021 ἀπολογίας·
877 3929 916 4000 ού
938 3928 1014 4020 γὰρ,
1038 3926 1142 4016 οίμαι,

106 4035 168 4141 χρὴ
191 4036 288 4127 παρὰ
307 4045 375 4109 τῶν
395 4045 545 4130 ποιητῶν
567 4037 601 4119 ἐς
620 4035 660 4108 τὸ
682 4036 885 4136 λεπτότατον
911 4032 1148 4125 άκριβολοχου·
