2792 4580
121 266 135 298 ,
197 224 323 283 Lxxu
348 227 368 264 ε
385 222 488 283 ΠΕΡΙ
503 224 590 283 ΤΗΣ
608 222 768 284 mm
786 229 903 285 ουοε
919 227 1042 284 ιε-εε.
1075 214 1142 282 237

89 333 210 421 ὀἰκίην
227 322 516 422 τόόεάπορρίφῃ,
541 318 715 422 έκίταότης
732 332 863 422 ἐσθῆτά
883 358 920 401 τε
936 326 1068 422 ’θήλεαν
1085 336 1143 403 καὶ

97 434 229 520 ,κόσμον
250 431 310 503 τὸν
329 438 516 522 γυναικήιον
538 438 709 522 λαμβάνει.
750 438 832 504 τάδε
853 437 912 521 μέν
935 435 968 503 έν
989 444 1068 527 τήσι
1082 460 1142 504 το-

102 544 187 628 μῇσι
200 530 372 607 ποιέουσι·
390 535 623 619 ἀποθανόντες
643 541 679 607 δὲ
692 539 817 607 Γάλλοι
831 536 888 606 οὐκ
901 536 1018 628 όμοίην
1031 537 1141 629 ταφήν
1160 561 1193 610 52

102 654 196 711 τοῖσι
215 634 351 709 άλλσισι
371 642 577 723 θάπτονται,
602 639 672 709 ἀλλ’
687 640 745 709 ἐὰν
767 639 926 731 ἀποθάνῃ
944 643 1085 724 Γάλλος,
1108 643 1145 710 οἰ

90 742 235 833 ·έταῖρυί
250 769 308 828 μιν
326 740 495 868 ἀείραντες
514 744 547 825 ές
563 743 607 812 τὰ
624 746 811 835 προάστεια
830 749 984 869 φέρουσι,
1004 752 1144 830 θέμενοι

90 843 205 914 -άί
164 871 265 913 αυτον
286 846 398 914 καί
363 873 404 915 το
428 853 578 937 φέρτρον,
605 855 655 936 τῷ
679 847 843 933 ἐκόμισαν,
872 843 1002 937 ὕπερθε
1024 850 1144 927 λίθους

89 951 276 1036 βάλλουσι,
296 952 352 1017 καί
369 949 449 1017 τάδε
467 948 684 1041 πρήξαντες’
668 977 715 1019 οπ
716 956 778 1019 ίσω
798 947 1050 1019 ἀπονοστέουσι.
1077 974 1144 1039 φυ-

104 1052 263 1133 λάξαντες
289 1053 326 1119 δέ
349 1040 442 1120 έπτά
462 1051 609 1175 ἡμερίων
639 1044 788 1143 ἀριθμὸν
818 1049 906 1122 οότω
938 1053 989 1177 ἕως
1001 1052 1041 1121 τὸ
1073 1052 1144 1140 ἱρὸν

104 1153 310 1240 ἐσέρχονται·
332 1152 399 1245 πρὸ
418 1155 463 1225 δέ
471 1158 598 1227 τούτων
615 1154 654 1245 ἡν
673 1156 866 1238 ἐσέλθωσιν,
890 1153 951 1224 οἰκ
969 1152 1047 1233 όσια
1064 1182 1145 1224 ποι-
1256 1222 1261 1235 ,

104 1262 211 1324 έουσι.
256 1257 389 1341 νόμοισι
412 1259 449 1325 όέ
472 1258 505 1338 ές
526 1266 633 1328 ταῦτα
656 1266 807 1347 χρέονται
831 1260 996 1327 τούτοισι·
1022 1255 1061 1348 ἡν
1082 1265 1142 1338 μέν
1161 1281 1194 1331 53

102 1385 159 1439 τις
185 1355 295 1427 αἰτῶν
316 1366 407 1429 νέκυν
428 1362 553 1450 ἰόηται,
581 1361 703 1450 ἐκείνην
729 1362 787 1451 τὴν
809 1359 930 1452 ἡμέρην
953 1361 987 1442 ές
1011 1360 1050 1430 τὸ
1075 1360 1145 1451 ἱρὸν

14 1452 15 1457 ¹
104 1459 167 1529 οὐκ
185 1458 388 1546 ἀπικνέεται,
412 1471 451 1553 τῇ
473 1464 566 1554 ἑτέρῃ
586 1467 623 1533 όέ
643 1465 797 1555 καθήρας
821 1464 944 1533 ἑωυτὸν
966 1464 1143 1553 ἐσέρχεται.

103 1562 216 1633 αὐτῶν
243 1566 280 1633 δέ
304 1572 371 1633 τῶν
398 1567 530 1657 οἰκηίων
555 1576 615 1637 τοῦ
641 1574 753 1650 νέκυος
779 1568 913 1641 έκαστοι
940 1569 1145 1657 φυλάξαντες

104 1664 255 1759 ἀριθμὸν
276 1665 424 1759 ἡμερέων
445 1672 621 1760 τριήκοντα
642 1675 698 1739 καὶ
719 1671 780 1752 τὰς
801 1669 948 1761 κεφαλὰς
967 1672 1144 1760 ξυράμενοι

104 1769 309 1858 ἐσέρχονται·
328 1776 408 1862 πρὶν
422 1774 459 1841 όέ
471 1776 552 1842 τάδε
565 1782 716 1864 ποιήσαι,
736 1772 776 1843 οό
789 1799 890 1865 σφισι
903 1773 1028 1842 έσιέναι
1041 1769 1143 1842 όσιον.

103 1874 235 1941 θέουσι
261 1875 297 1942 δέ
321 1876 406 1961 βόας
432 1874 572 1963 ἀρσενάς
598 1904 634 1945 τε
659 1882 715 1945 καὶ
736 1879 863 1967 θήλεας
888 1880 944 1945 καὶ
966 1874 1062 1965 αἶγας
1088 1879 1144 1944 καὶ
1162 1898 1196 1949 54

102 1972 197 2057 όίσς·
212 1976 293 2058 σόας
306 1978 343 2045 ἀὲ
355 1979 480 2062 μούνας
494 1980 626 2067 ἐναγέας
639 1981 824 2065 νομίζοντες
837 1978 913 2048 οἰίτε
925 1981 1053 2047 θέουσι
1067 1978 1144 2048 οὔτε

104 2084 282 2148 σιτέονται.
318 2078 415 2149 ἄλλοι
430 2079 463 2148 δ’
480 2079 520 2149 οό
537 2107 643 2172 σφεας
661 2083 807 2169 έναγέας,
833 2079 918 2149 ἀλλὰ
942 2081 1032 2170 ἱροὺς
1051 2088 1145 2165 νομί-

104 2182 211 2264 ζουσι.
236 2180 451 2271 ’άρνίθωντε
474 2182 605 2253 αὐτοῖσι
622 2184 798 2274 περιστερὴ
818 2185 925 2252 δοκέει
941 2191 1053 2273 χρήμα
1071 2184 1143 2273 ίρό-

88 2308 207 2352 -τατον
227 2289 283 2352 καὶ
302 2282 379 2353 οόόέ
396 2287 518 2375 ψαύειν
537 2286 643 2357 αὐτῶν
667 2291 843 2356 δικαιεῦσι·
865 2289 922 2354 καί
938 2283 977 2376 ἡν
995 2283 1144 2366 ἀέκοντες

104 2383 277 2474 ἅψωνται,
308 2387 435 2478 έναγέες
454 2390 579 2479 ’ἐκείνην
599 2390 658 2480 τὴν
679 2389 801 2480 ἡμέρην
827 2390 901 2458 εἰσί.
942 2388 1142 2477 τούνεκαόὴ

103 2488 240 2559 αὐτοῖσι
262 2492 418 2578 σόννομοί
439 2499 476 2561 τέ
498 2495 564 2564 εἰσι
586 2496 642 2562 καὶ
661 2492 694 2573 ές
716 2491 758 2562 τὰ
778 2492 865 2562 οἰκία
885 2492 1071 2583 ἐσέρχονται
1088 2495 1145 2560 καὶ

102 2591 149 2662 τά
167 2593 277 2662 πολλὰ
296 2593 329 2662 έν
347 2602 387 2686 γῇ
405 2600 569 2682 νέμονται.

157 2700 253 2779 Λίξω
271 2699 381 2765 δὲκαὶ
398 2707 463 2767 τῶν
481 2705 748 2788 πανηγυριστέων
761 2698 804 2768 τὰ
823 2700 956 2768 ἕκαστον
969 2704 1141 2779 ποιέουσι·
1162 2721 1195 2770 55

103 2798 188 2889 ἀνὴρ
208 2791 271 2868 εἰτ’
284 2798 324 2868 ἀν
342 2798 376 2881 ές
393 2802 450 2927 τήν
470 2803 541 2927 ἰρὴν
554 2804 654 2871 πόλιν
667 2810 801 2893 πρῶτον
814 2801 1020 2891 ἀπικνέηται,
1039 2826 1145 2891 κεφα-

101 2902 205 2992 λὴνμ
209 2905 242 2970 ὲν
259 2899 317 2970 όάε
334 2902 425 2971 καί’
408 2907 537 2994 οφράας
555 2905 703 2994 έξόρατο,
722 2905 861 2992 μετὰόέ
880 2900 1052 2996 ἰρεόσας”
1031 2920 1084 2973 σίν
1102 2902 1146 2971 τὰ

101 3007 166 3092 μέν
185 3000 269 3071 ἀλλα
286 3013 469 3131 κρεουργέει
486 3034 522 3075 τε
540 3012 595 3075 καὶ
614 3006 795 3127 εὐωχέεται,
815 3007 853 3076 τὸ
873 3010 965 3076 δέ’
926 3035 1023 3089 νακος
1038 3010 1145 3094 χαμαὶ

102 3113 249 3193 θέμενος
266 3107 325 3176 ἐπὶ
340 3110 459 3177 τούτου
480 3109 568 3190 ἒς’
530 3136 606 3197 γονυ
622 3089 738 3194 έζετόιι,
759 3113 869 3193 πόάας
883 3112 988 3178 άέί
933 3137 973 3178 κα
975 3110 1145 3199 ἰκεφαλὴν

102 3216 168 3280 τοῦ
186 3211 318 3336 κτήνεος
340 3210 452 3279 έπί
419 3238 476 3300 την
500 3211 625 3281 ἑωυτοῦ
642 3213 786 3302 κεφαλὴν
811 3211 1048 3300 ἀναλαμβάνει,
1074 3209 1145 3296 ἅμα

104 3311 198 3382 όέ
164 3314 337 3399 ενχόμενος
356 3314 508 3382 αἰτέει
474 3342 533 3405 την
550 3318 609 3401 μέν
627 3324 817 3405 παρεοῦσαν
835 3324 958 3405 θυσίην
974 3318 1143 3397 δέκεσθαι,

103 3417 195 3504 μέζω
215 3418 251 3484 δὲ
269 3415 402 3498 έσαότις
419 3415 639 3513 όπισχνέεται.
675 3422 811 3502 τελέσας
834 3422 993 3489 δὲταῦτα
1014 3418 1073 3508 τὴν
1090 3442 1144 3485 κε-

106 3518 219 3611 φαλὴν
237 3520 361 3588 ἑωυτοῦ
380 3547 416 3590 τε
431 3528 590 3611 στέφεται
601 3527 657 3591 καί
673 3530 739 3592 τῶν
758 3521 865 3592 ἀλλων
884 3522 999 3592 ὁκόσοι
1016 3521 1073 3613 τήν
1087 3518 1147 3589 αό-

90 3623 167 3713 ·τὴν
184 3620 262 3692 όόὸν
281 3620 504 3693 ἀπικνέονται.
540 3624 622 3714 ἀρας
641 3629 678 3694 δέ
696 3623 766 3694 ἀπὸ
784 3635 842 3717 τῆς
860 3626 985 3695 έωυτοό
1005 3624 1147 3694 όόοιπυ·

95 3732 178 3818 ,ρέει
194 3723 297 3795 ἀόασί
312 3751 350 3795 τε
366 3739 527 3816 ψυχροῖσι
542 3730 717 3816 χρεόμενος
734 3734 880 3816 λουτρῶν
897 3733 1007 3797 τεκαὶ
1024 3729 1147 3807 πόσιος

106 3831 226 3898 εἵνεκεν
251 3834 309 3897 καί
331 3830 365 3909 ές
387 3830 531 3915 πάμπαν
551 3838 808 3954 χαμαικοιτέων·
836 3829 874 3898 οὗ
902 3833 964 3921 γάρ
994 3831 1029 3900 οἱ
1054 3828 1148 3956 εάνής

106 3930 308 4020 έπιβήναι“
289 3959 396 4015 οσιον,
424 3936 503 4021 πρὶν
526 3935 583 4021 τήν
605 3959 641 4002 τε
665 3931 745 4009 όιίὸν
766 3933 933 4002 ἐκτελέσαι
954 3938 1010 4002 καὶ
1033 3933 1122 4015 ές
1088 3960 1146 4024 την

106 4028 298 4104 ἑωυτοῦ
257 4062 351 4117 αυτις
375 4033 571 4106 ἀπικέσθαι.
617 4038 771 4128 ένόὲτή
731 4038 852 4128 τηίρῇ
871 4038 954 4107 πόλι
979 4039 1146 4109 ἐκδέκεταί
1132 4044 1196 4111 ίῡ6
