2748 4572
204 204 227 270 8
300 279 309 287 ·
522 224 524 228 ’
592 214 847 271 ΛΟΥΚΙΑΝΟΥ
1072 276 1075 285 A

204 323 318 404 τόξευε
336 320 623 411 προχειριζόμενος
639 317 725 406 πρὸς
741 315 819 397 τοὺς
837 314 1044 402 ὁμιλοῦντας·
1067 312 1155 388 οάτω
1172 321 1239 411 γάρ

207 448 245 492 σε
268 421 286 491 5
310 420 431 504 λεὼς(
414 449 432 490 ο
455 418 561 546 πρλδς
584 418 854 546 55offiassqpotht
855 423 912 488 καὶ
932 403 1169 517 θαυμάστὸν(
1151 445 1242 491 υπο·
1358 512 1359 515 ¹

207 524 372 613 λήψονται
389 528 445 592 καί
461 522 519 612 τήν
538 524 694 617 παιδείαν
710 519 948 611 όπλριαυτοὺς,
972 523 1003 590 εἰ
1020 519 1239 612 ἀποστλεγγί-
1358 526 1359 529 ’

207 635 338 696 σασθαι
355 624 463 712 μέν’
430 652 469 694 το
491 624 731 709 ἀποξύσασθαι
753 627 852 712 λέγοι
862 651 928 707 τις,
950 623 989 693 τὸ
1012 625 1048 692 δὲ
1070 620 1153 713 ήλίφ
1175 631 1238 693 θέ-

207 737 331 816 ρεσθαι
349 729 614 818 εἱληθερεῖσθαι,
636 726 694 805 τὸν
712 712 941 818 ἀρραβῶναδλ
962 726 1155 825 προνόμιον,
1178 727 1240 797 τὸν

91 866 95 878 ·
207 828 380 919 ἀρθρονδέ
395 829 599 922 ἀκροκνεφές.
645 829 747 899 ένίοτε
770 830 807 898 δὲ
826 834 883 899 καὶ
905 827 1004 952 ράτδς
1025 834 1118 897 ποίει
1139 812 1237 898 καινά

206 960 262 1001 και
254 930 476 1025 ἀλλόγιοτα’
459 934 606 1018 ονόματα
623 935 678 1000 καί
695 930 922 1056 νομοθέρει
888 958 946 1000 τον
962 934 1022 1018 μέν
1042 930 1241 1021 ἑρμηνεῦσαι

86 1120 96 1127 .
208 1034 314 1104 δεινὸν
332 1033 453 1118 εόλεξιν
471 1032 642 1118 καλεῖν,
608 1061 666 1103 τον
680 1036 716 1102 δέ
730 1032 862 1102 συνετὸν
877 1034 1050 1121 σοφόνουν,
1069 1033 1127 1102 τὸν
1141 1031 1241 1123 ἀρχη-

208 1136 287 1225 στήν
306 1138 341 1204 δέ
357 1139 565 1227 χειρόσοφον.
601 1135 641 1226 ἢν
660 1139 846 1225 σολοικίσῃς
864 1138 901 1204 δὲ
918 1132 940 1225 ή
956 1142 1173 1226 βαρβαρίσῃς,
1201 1139 1235 1205 ἓν

207 1239 291 1309 ἔστω
305 1241 479 1329 φάρμακον
491 1237 511 1329 ή
525 1237 744 1322 ἀναισχυντία,
759 1242 814 1306 καὶ
827 1239 1001 1328 πρόχειρον
1016 1235 1119 1320 εὐθὺς
1134 1237 1238 1324 όνομοι
1360 1292 1361 1337 η

208 1336 284 1410 οότε
303 1340 397 1422 ὄντος
413 1341 503 1422 τινὸς
522 1336 597 1410 οάτε
613 1346 784 1428 γενομένου
803 1342 887 1408 ποτέ
904 1347 1045 1430 ποιητοῦ
1063 1337 1241 1431 ήσυγγρα-

207 1448 306 1533 φέως,
328 1443 366 1524 ὃς
380 1440 466 1512 οὕτω
480 1448 584 1532 λέγειν
598 1442 778 1528 ἐδοκίμαζε,
799 1441 905 1531 σοφὸς
923 1441 1002 1531 ἀνήρ
1020 1442 1147 1534 κοίτην
1163 1469 1242 1533 φω-

104 1618 107 1623 ς
205 1545 263 1636 νήν
286 1546 319 1625 ἐς
340 1544 379 1615 τὸ
407 1543 586 1634 ἀκρότατον
613 1542 893 1634 ἀπηκριβωμένος.
939 1542 1022 1612 ἀλλὰ
1047 1549 1102 1613 καὶ
1125 1543 1251 1634 ἀναγίι

206 1670 330 1735 γνωσκε
355 1646 397 1714 τά
424 1646 553 1715 παλαιὰ
578 1648 637 1735 μέν
661 1645 706 1734 μή
734 1648 773 1714 σά
800 1673 850 1735 γε,
877 1649 961 1734 μηδὲ
987 1647 1020 1715 εί
1038 1675 1072 1716 τι
1094 1644 1112 1716 5
1140 1651 1239 1738 λῆρος
1361 1704 1362 1729 ,

203 1745 388 1838 Ἰσοκράτης
404 1747 428 1838 ή
447 1746 464 1817 5
481 1754 622 1839 χαρίτων
641 1745 778 1835 άμοιρυς
796 1756 1012 1838 Δημοσθένης
1033 1747 1055 1837 ἢ
1073 1748 1091 1818 5
1110 1748 1238 1839 ψυχρὸς
1361 1746 1362 1749 ⁸

208 1852 358 1934 Πλάτων,
383 1848 561 1931 ἀλλάτοδς
577 1858 643 1920 τῶν
662 1849 771 1939 ὀλίγον
789 1851 855 1939 πρὸ
874 1849 971 1941 ἡμῶν.
985 1853 1102 1938 λόγους
1123 1848 1238 1932 καλάς

208 1978 294 2041 φασι
311 1954 434 2034 ταύτας
447 1959 598 2038 μελέτας,
623 1950 668 2034 ῶς
687 1954 773 2037 έχοις
791 1951 849 2022 ἀπ’
861 1953 989 2022 ἐκείνων
1007 1953 1240 2040 ἐπισιτισάμε-

207 2082 263 2136 νος
277 2055 310 2122 έν
324 2063 428 2145 καιρῷ
446 2058 720 2144 καταχρήσασθαι
733 2058 889 2143 καθάπερ
904 2056 938 2124 έκ
950 2062 1101 2142 ταμιείου
1114 2082 1247 2145 προαι-,

157 2177 191 2229 18
208 2165 284 2248 ρῶν.
322 2158 457 2227 ἐπειδὰν
475 2161 583 2227 δὲκαὶ
602 2161 658 2249 δέη
680 2163 783 2248 λέγειν
800 2163 856 2227 καὶ
874 2160 907 2226 ολ
925 2159 1086 2248 παρόντες
1104 2156 1236 2245 όποβά-
1362 2178 1363 2195 ’

208 2264 292 2330 λωσί
313 2288 405 2342 τινας
421 2260 604 2343 ὑποθέσεις
627 2265 682 2330 καὶ
704 2260 858 2353 ἀφορμδις
874 2263 944 2330 Ιτῶν
967 2263 1080 2350 λόγων,
1105 2258 1241 2330 ἅπαντα

208 2366 268 2451 μέν
295 2361 408 2432 δπόσα
435 2362 475 2433 ἀν
500 2357 521 2455 ᾖ
549 2367 685 2454 δυσχερῆ
704 2370 871 2450 ψεγέσθω
903 2368 957 2429 καὶ
985 2363 1235 2451 ἐκφαυλιζέσθω

208 2462 255 2545 ῶς
277 2463 381 2542 οάδλενΙ
394 2462 480 2548 ὅλως
502 2465 666 2555 ἀνδρῶδες
688 2462 794 2532 αάτῶν
816 2464 989 2548 ἑλομένων·
1016 2462 1175 2545 ἑλομένων
1198 2462 1236 2529 δὲ

53 2630 62 2645 ,
208 2568 309 2658 μηδὲν
336 2571 500 2659 μελλήσας
526 2572 598 2657 λέγε
625 2562 697 2635 όττι
722 2591 774 2633 κεν
805 2562 860 2632 ἐπ’
882 2563 1057 2653 ἀκαιρίμαν
1088 2564 1238 2651 γλῶτταν
1275 2632 1284 2642 ,

142 2749 149 2754 .
208 2669 302 2760 έλθη,
321 2672 422 2759 μηδὲν
440 2670 568 2739 ἐκείνων
586 2669 814 2755 ἐπιμεληθείς,
835 2664 880 2748 ῶς
897 2666 941 2734 τὸ.
954 2673 1095 2756 πρῶτον,
1119 2661 1235 2757 ῶσπερ
1266 2748 1271 2763 Ι

209 2765 266 2842 οὖν
287 2777 342 2841 καὶ
365 2773 435 2841 ’ἐστι
456 2778 598 2859 πρῶτον,
623 2769 708 2859 έρεῖς
725 2770 758 2838 έν
775 2777 879 2860 καιρῷ
901 2769 1101 2896 προσήκοντι
1122 2772 1179 2837 καί
1195 2769 1238 2837 τὸ
1363 2826 1364 2839 .

210 2877 361 2964 δεύτερον
382 2871 467 2959 μετὰ
487 2879 586 2940 τοῦτο
607 2870 718 2940 κοιλ
683 2899 723 2941 το
745 2878 855 2961 τρίτον
872 2897 933 2958 μετ
930 2869 1069 2951 ’έκεῖνο,
1094 2867 1228 2938 ἀλλδ“
1194 2897 1234 2939 το

208 2985 341 3063 πρῶτον
369 2974 514 3071 έμπεοδν
535 2981 669 3064 πρῶτον
695 2979 859 3061 λεγέσθω,
887 2972 1023 3100 καλήν
1030 2969 1117 3042 οὕτω
1142 2973 1233 3062 τάχη,

206 3081 286 3166 περὶ
303 3085 350 3165 τῷ
367 3078 513 3166 μετώπῳ
531 3073 625 3163 μέν“
606 3105 626 3165 η
640 3081 763 3167 κνημίς
782 3080 911 3164 περὶ
872 3104 917 3183 τη
926 3078 1028 3202 κγήμη
1014 3066 1110 3144 δέ(
1092 3103 1112 3164 η
1126 3076 1234 3163 κόρος.

207 3178 293 3307 πλήγ
312 3175 415 3246 ἀλλ”
397 3205 507 3267 επειγε
528 3183 584 3247 καὶ
606 3180 732 3270 σόνειρε
748 3183 804 3248 καί
825 3179 870 3268 μή
894 3181 1008 3248 σιώπα
1029 3180 1139 3263 μόνον.
1175 3174 1235 3245 κάν

206 3307 286 3409 περι
275 3280 457 3370 ὑβριστοῦ
471 3308 560 3363 τινος
573 3279 595 3371 ἢ
607 3309 725 3369 μοιχου
710 3280 1006 3407 λέγηςΑθήνησι,
1025 3308 1067 3349 το
1052 3278 1114 3349 ’έν
1123 3277 1236 3360 Ἰνδοῖς

206 3387 263 3451 καὶ
277 3381 486 3470 Ἐκβατάνοις
503 3388 662 3473 λεγέσθω.
700 3384 758 3453 ἐπὶ
780 3391 866 3453 πάσι
889 3381 963 3451 δέ(
947 3380 1158 3470 οΜαραθῶν
1179 3385 1238 3449 καὶ
1267 3372 1269 3377 ’

208 3482 227 3553 5
245 3490 446 3574 Κυνέγειρος,
467 3478 513 3552 ῶν
531 3484 589 3554 οάκ
606 3484 645 3555 ἀν
661 3515 696 3557 τι
710 3484 785 3555 ἀνευ
798 3491 936 3574 γένοιτο.
963 3489 1019 3552 καλ
1033 3482 1085 3552 ἀεὶ
1099 3479 1239 3563 δάίθως

206 3591 364 3657 πλείσθω
378 3589 434 3654 καλ
447 3584 465 3656 5
481 3585 716 3678 Ἑλλήσποντος
728 3590 932 3671 πεζευέσθω,
952 3591 1008 3654 καὶ
1026 3583 1044 3655 5
1063 3583 1155 3675 ἥλιος
1167 3583 1238 3654 ἀπὸ

207 3697 275 3759 τῶν
291 3693 446 3780 Μηδικῶν
462 3686 567 3775 βελῶν
586 3698 773 3775 σκεπέσθω,
797 3694 854 3758 καλ
871 3691 993 3778 Ξέρξης
1010 3692 1157 3778 φευγέτω
1179 3692 1237 3754 καλ

208 3789 228 3859 5
250 3796 421 3874 Λεωνίδας
442 3793 686 3878 θαυμαζέσθω,
712 3795 769 3860 καὶ
789 3790 832 3860 τά
850 3787 1031 3881 Ὀθρυάδου
1057 3789 1237 3879 γράμματα

210 3891 521 3981 ἀναγιγνωσκέσθω,
544 3896 598 3962 καλ
620 3892 806 3983 ήΣαλαμλς
827 3896 883 3961 καὶ
903 3890 942 3961 τὸ
958 3888 1158 3984 Ἀρτεμίσιον
1179 3893 1235 3958 καλ

105 4034 112 4055 ι
207 3996 245 4065 αλ
261 4001 441 4084 Πλαταιαὶ,
463 3996 574 4068 πολλὰ
594 4004 699 4067 ταῦτα
719 4000 775 4065 καὶ
796 3993 917 4079 πυκνὰ,
940 3996 997 4062 καὶ
1014 3993 1072 4064 έπλ
1088 4000 1176 4064 πᾶσι
1192 3990 1240 4061 τδι
