2782 4574
151 176 159 184 ’
197 180 267 248 102·
583 185 838 244 ιουαῑιαου
918 204 923 211 ·

142 321 177 373 τε
196 289 293 378 ούτυς
304 294 416 384 έλζησεν
432 292 500 381 έτη.
525 294 582 359 καλ
593 297 781 380 Λυκοῦργος
798 290 835 357 δέ
848 285 867 357 δ
879 292 1065 377 νομοθέτης
1076 293 1144 357 τῶν
1154 294 1235 359 Ata-³
1380 374 1381 379 ρ

195 401 411 484 κεδαιμονίων
427 400 526 464 πέντε
545 397 601 460 καλ
620 391 818 481 ὀγδοήκοντα
840 390 894 478 έιη
917 392 1014 478 ζῆσαι
1036 392 1247 481 ἱστορεῖται,

143 525 179 575 τε
251 499 436 577 Τοσούτους
457 495 659 584 ἐδυνήθημεν
679 494 845 579 βασιλέας
863 496 919 561 καί
943 494 1230 580 πεπαιδευμένους

198 600 376 693 ἀθροῖσαι·
396 600 470 668 ἐπεὶ
488 599 525 665 δέ
540 595 729 686 ὑπεσχόμην
745 598 802 663 καί
810 594 975 680 Ῥωμαίων
991 593 1084 676 τινὰς
1094 599 1152 664 καί
1163 602 1230 667 τῶν

196 704 255 793 τήν
268 702 408 773 Ἰταλίαν
430 700 630 788 οἰκησάντων
651 705 840 786 μακροβίων
862 695 1069 786 ἀναγράψαι,
1091 700 1230 780 τούτους

198 831 263 889 σοι,
282 812 374 873 θεῶν
390 807 608 890 βουλομένων,
633 802 790 892 ἱερώτατε
806 803 990 882 Κυίντιλλε,
1011 799 1045 869 δν
1062 797 1150 889 ἀλλῳ
1169 803 1230 892 δη.

198 909 350 994 λιύσομεν
366 907 465 995 λόγῳ.

419 1118 686 1250 αΑτΡΙΔοΣ
720 1139 1009 1210 εΓΚαΜΙοα.

118 1348 121 1352 ’
163 1336 178 1384 1
243 1310 310 1384 “On
326 1315 386 1399 μέν
403 1311 498 1382 οὐδέν
515 1313 647 1400 γλύκιον
663 1304 702 1400 ής
718 1313 880 1401 πατρίδος
897 1311 1025 1400 φθάνει
1042 1294 1233 1400 προτεθρυ·

198 1420 345 1506 λημένον.
382 1406 432 1504 ἀρ’
452 1407 508 1484 ούν
530 1400 623 1504 ήδιον
643 1416 702 1500 μὲν
726 1411 828 1495 ούδὲν,
852 1413 1046 1502 σεμνότερον
1064 1415 1102 1482 δέ
1121 1439 1156 1482 τι
1176 1416 1233 1483 καλ

55 1578 59 1585 .
186 1519 371 1607 ’θειότερον
389 1516 489 1601 ἀλλος
514 1520 569 1584 καὶ
590 1516 653 1604 μήν
671 1513 735 1585 ὅσα
753 1514 855 1601 σεμνὰ
869 1517 925 1582 καὶ
941 1522 1024 1583 θεῖα
1043 1517 1233 1601 νομίζουσιν

96 1639 102 1646 ’
199 1617 392 1708 ἅνθρωποι,
415 1620 540 1686 τούτων
557 1621 678 1707 πατρίς
700 1618 792 1685 αἰτία
812 1619 868 1685 καλ
891 1618 1106 1699 διδάσκαλος,
1123 1642 1234 1706 γεννη-

199 1727 323 1807 σαμένη
350 1724 406 1787 καὶ
433 1717 691 1807 ἀναθρεψαμένη
718 1722 775 1786 καί
800 1721 1058 1807 παιδευσαμέιη.
1100 1721 1233 1803 πόλεων

202 1824 262 1913 μέν
280 1813 338 1892 σύν
354 1828 480 1910 μεγέθη
498 1825 553 1888 καὶ
570 1822 805 1911 λαμπρότητας
825 1825 882 1889 καὶ
898 1823 1112 1900 πολυτελείας
1133 1845 1235 1888 κατα-

199 1932 323 1994 σκευῶν
340 1925 555 2008 θουμοίζουσι
571 1926 704 2004 πολλοὶ,
723 1925 888 2013 πατρίδας
904 1925 942 1992 δέ
960 1929 1131 2010 στέργουσι
1147 1924 1235 1993 ποίν-

197 2048 267 2108 τες·
291 2029 350 2096 καί
370 2033 529 2095 τοσούτω
551 2023 660 2105 οὐδεὶς
687 2025 882 2114 έξηπατήθη
904 2032 969 2093 τῶν
989 2028 1046 2092 καί
1070 2025 1159 2094 πάνυ
1181 2051 1234 2093 κε-

182 2135 406 2217 ·κρατημένων
423 2126 490 2208 ύπδ
507 2136 567 2217 τῆς
583 2126 667 2195 κατὰ
688 2127 747 2217 τήν
769 2134 854 2196 θέαν
876 2124 995 2216 ’ἡδονῆς
1020 2124 1067 2207 ὥς
1087 2124 1155 2196 δπὸ
1176 2134 1235 2217 τής

199 2228 385 2322 ὑπερβολῆς
400 2238 466 2299 τῶν
479 2228 558 2319 παρ’
570 2226 683 2311 ἀλλοις
699 2232 884 2315 θαυμάτων
895 2230 1003 2318 λήθην
1020 2230 1235 2318 ποιήσασθαι

162 2340 257 2420 ετής
282 2335 454 2422 πατρίδος.
503 2330 597 2413 ὅστις
625 2335 685 2417 μέν
711 2325 769 2401 οὖν
799 2333 990 2417 σεμνύνεται
1019 2335 1158 2420 πολίτης
1187 2329 1236 2400 ὢν

199 2430 395 2518 εύδαίμονος
420 2435 566 2514 πόλεως,
594 2432 723 2522 ἀγνοεῖν
748 2460 808 2520 μοι
834 2435 925 2502 δοκεῖ
948 2440 1022 2502 τίνα
1049 2432 1110 2521 χρή
1135 2431 1233 2522 τιμήν

199 2532 377 2621 ἀπονέμειν
393 2543 434 2624 τῇ
452 2537 606 2625 πατρίδι·
624 2540 680 2604 καὶ
699 2533 716 2604 ὃ
734 2544 886 2617 τοιοῦτος
904 2537 1003 2624 δήλύς
1021 2535 1109 2605 ἔστιν
1127 2533 1236 2618 ἀχθό-

197 2662 295 2722 μενος
318 2634 371 2720 ἀν,
396 2639 427 2705 εί
446 2643 669 2727 μετριωτέρας
694 2639 788 2723 ἔλαχε
812 2645 872 2727 τής
892 2641 1064 2729 πατρίδος.
1101 2637 1176 2722 ἐμοὶ
1198 2638 1236 2706 δέ

198 2734 292 2827 ήδιον
318 2737 399 2809 αύτδ
424 2747 525 2827 τιμᾶν
549 2739 589 2808 τὸ
611 2747 670 2829 τῆς
694 2742 856 2830 πατρίδος
882 2738 996 2826 ύνομα.
1038 2741 1154 2820 πόλεις
1173 2742 1236 2825 μίν

198 2840 259 2930 γάρ
282 2846 488 2929 παραβαλεῖν
509 2849 703 2932 πειρωμένην
726 2845 888 2932 προσήκει
908 2849 1052 2930 μέγεθος
1074 2842 1236 2925 ἐξετάζειν

198 2946 254 3010 καὶ
270 2945 390 3024 κάλλος
402 2948 458 3012 καὶ
474 2944 532 3032 τήν
548 2953 614 3013 τῶν
633 2943 737 3014 ὠνίων
750 2943 936 3036 ἀφθονίαν·
955 2942 1042 3014 ὅπου
1062 2942 1093 3014 δ’
1106 2945 1236 3034 αἵρεσίς

200 3043 271 3113 ἐστι
292 3046 436 3129 πόλεων,
462 3044 569 3127 οὐδεὶς
591 3044 632 3116 ἀν
654 3048 762 3117 ἕλοιτο
782 3047 841 3137 τήν
863 3050 1102 3138 λαμπροτέραν,
1132 3046 1235 3126 ἐάσας

196 3144 255 3233 τήν
271 3150 432 3237 πατρίδα,
457 3146 525 3225 ἀλλ’
542 3146 673 3231 εύξαιτο
691 3152 750 3235 μὲν
772 3147 812 3218 ἀν
830 3147 914 3219 εἶναι
935 3154 991 3218 καὶ
1006 3148 1064 3238 τήν
1085 3151 1235 3239 πατρίδα

198 3261 273 3328 ταῖς
295 3248 472 3335 εύδαίμοσι
492 3255 743 3342 παραπλησίαν,
769 3253 877 3321 ἕλοιτο
899 3250 930 3319 δ’
952 3249 992 3320 δν
1013 3250 1073 3341 τήν
1094 3248 1236 3321 δποιαν·

164 3367 181 3415 α
200 3357 265 3421 οὖν.
300 3350 339 3419 τὸ
358 3350 389 3418 δ’
410 3352 491 3422 αύτδ
509 3362 609 3423 τοῦτο
627 3358 683 3422 καὶ
702 3355 735 3422 οῖ
753 3357 877 3424 δίκαιοι
893 3362 960 3424 τῶν
977 3355 1109 3423 παίδων
1125 3354 1236 3443 πράτ-

197 3475 294 3519 τουσι
310 3457 366 3520 καὶ
385 3455 418 3521 ολ
436 3461 572 3544 χρηστοί
589 3464 656 3525 τῶν
673 3463 840 3548 πατέρων·
868 3454 944 3526 ούτε
965 3456 1028 3547 γὰρ
1046 3462 1118 3537 νέος
1134 3453 1236 3537 καλὸς
1340 3506 1347 3515 ,

116 3559 122 3563 “
197 3550 349 3641 κάγαθὸς
374 3553 472 3624 ἀλλον
495 3556 534 3626 ἀν
556 3560 761 3647 προτιμήσαι
786 3559 996 3650 τοῦπατρὸς
1021 3555 1096 3629 ούτε
1122 3555 1233 3646 πατὴρ

197 3657 425 3745 καταμελήσας
450 3666 509 3727 τού
532 3660 655 3741 παιδὸς
682 3662 790 3751 ἕτερον
813 3659 853 3730 ἀν
875 3665 1008 3752 στέρξαι
1033 3667 1119 3744 νέον,
1148 3657 1239 3729 ἀλλδί

166 3824 172 3833 ς
195 3760 355 3829 τοσοῦτόν
372 3785 408 3847 γε
422 3762 455 3829 οἱ
471 3770 612 3849 πατέρες
629 3767 801 3849 νικώμενοι
818 3770 1043 3853 προσνέμουσι
1059 3778 1134 3847 τοῖς
1149 3788 1232 3833 παι-

197 3863 249 3928 σίν
279 3857 365 3931 ὥστε
394 3868 451 3932 καὶ
480 3867 651 3935 κάλλιστοι
676 3869 733 3935 καὶ
761 3874 912 3956 μέγιστοι
941 3872 998 3937 καὶ
1027 3882 1100 3949 τοῖς
1124 3873 1231 3937 πᾶσιν

197 3956 319 4051 ἄριστα
336 3971 512 4054 φαίνονται
527 3977 763 4060 κεκοσμημένοι
781 3973 814 4042 ολ
836 3975 956 4053 παῖδες
979 3969 1100 4052 αὐτοῖς.
1138 3967 1243 4057 ὅστις,
