2748 4572
261 174 264 179 ’
362 205 428 260 Ln.
455 206 742 263 οιΑοσενΔΗΣ
765 198 908 298 ιε’-ιι.
1103 198 1145 263 19

104 318 174 400 θην
193 307 253 378 ἐπὶ
268 307 357 379 πολὺ
377 307 547 435 άντισγυίν.
574 317 610 378 τί
620 308 683 399 γάρ
698 310 765 379 ἔδει
779 325 890 380 ποιεῖν
904 308 1001 381 αὐτόν
1016 310 1144 402 δρῶντα

103 411 163 483 διὰ
185 418 248 480 τοῦ
272 408 369 500 άέρος
390 412 572 503 φερόμενον
595 410 718 502 ἡμέρας
745 410 844 503 οόσης
869 418 925 483 καὶ
951 413 1002 505 ἐφ’
1023 412 1145 497 ὕδατος

102 516 285 604 βαδίζοντα
296 542 353 583 και
342 513 423 585 διὰ
436 515 557 624 πυρός
556 516 719 598 διεξιόντα
732 519 832 608 σχολῇ
845 521 901 586 καὶ
916 516 1088 608 βάδην,·’”
1090 515 1143 587 ‘05

102 626 226 701 ταῦτα,
226 609 361 705 ”ἦνδ’
379 617 457 707 ἐγὼ,
474 602 597 702 “είδες,
619 616 677 688 τὸν
692 618 903 747 Ὑπερβόρεον
922 617 1033 748 άνδρὰ
1042 623 1145 690 πετό-

103 717 243 810 μενονή
261 720 319 789 ἐπὶ
336 748 395 790 του
381 718 535 802 ”555on
551 719 754 810 βεβηκότα,·”
771 720 849 792 “καὶ
867 721 992 810 μάλα,”
1012 716 1112 814 ἦδ’“
1096 752 1142 809 ος,
1174 768 1182 777 .

53 880 66 889 .
99 822 368 911 “όποδεδεμένον
389 849 426 912 γε
447 831 658 914 καρβατίνας,
683 824 739 893 οία
755 828 901 912 μάλιστα
920 825 1077 897 έκεῖνοι“
1058 854 1144 897 υπο-

104 930 250 999 δσάνται.
285 923 329 996 τδι
346 925 483 1015 μὲνγὰρ
501 926 603 1018 μικρὰ
614 935 724 998 ταῦτα
740 936 776 997 τί
792 928 850 1021 χρὴ
869 934 924 999 καὶ
943 933 1055 1018 λέγειν,
1076 926 1141 1000 όσα

105 1030 316 1101 ἐπεδείκνυτο
335 1028 458 1118 όρωτας
477 1029 678 1116 ἐπιπέμπων
694 1035 750 1099 καὶ
769 1032 928 1116 δαίμονας
947 1030 1075 1121 άνάγων
1087 1037 1141 1102 καὶ

104 1133 239 1223 νεκροὺς
257 1132 381 1213 ἑώλους
403 1130 574 1200 ἀνακαλῶν
596 1138 651 1201 καὶ
673 1133 730 1224 τὴν
744 1132 877 1224 Ἑκάτην
900 1134 1000 1226 αότήν
1024 1136 1140 1227 έναργή

100 1233 275 1323 παριστὰς
295 1238 350 1302 καὶ
371 1233 432 1325 τήν
452 1236 594 1325 Σελήνην
615 1245 812 1325 κατασπῶνς
841 1238 904 1325 έγιὺ
926 1247 1004 1326 γοῦν
1027 1241 1140 1330 διηγή-
1159 1262 1193 1311 ιι

57 1384 70 1403 ,
103 1365 209 1425 σομαι
226 1335 304 1424 ὑμῖν
321 1337 343 1405 5
362 1336 450 1407 εἶδον
471 1340 627 1428 γενόμενα
650 1337 706 1408 ὕπ’
722 1337 821 1409 οὗτοι)
845 1340 878 1409 zv
897 1345 1057 1409 Γλαυκίου
1080 1351 1140 1411 τοῦ

95 1440 332 1524 Ἀλεξικλέους·
360 1439 436 1530 άρτι
456 1441 520 1531 γάρ
542 1439 560 1510 5
583 1446 747 1523 Γλαυκίας
768 1450 828 1512 τοῦ
851 1441 978 1531 πατρὸς
1004 1440 1138 1513 άποθα·

101 1541 218 1625 νόντος
236 1543 440 1631 παραλαβὼν
458 1542 516 1633 τήν
535 1542 649 1613 οὐσίαν
667 1543 802 1637 ἠράσθη
816 1549 982 1635 Χρυσίδος
999 1554 1057 1637 τῆς
1074 1558 1139 1637 Δη·

4 1680 6 1687 >
102 1653 259 1735 μαινέτου
278 1645 454 1736 θυγατρὸς,
475 1646 550 1733 έμοὶ
568 1650 603 1716 δὲ
621 1649 809 1738 διδασκάλῳ
829 1650 942 1740 έχρήτο
961 1649 1047 1740 πρὸς
1063 1650 1140 1733 τοὺς

102 1752 237 1840 λόγους,
261 1753 316 1818 καὶ
335 1752 369 1818 εί
382 1776 418 1838 γε
435 1749 479 1839 μή
500 1747 518 1817 5
538 1750 622 1838 έρως
638 1751 760 1832 ἐκεῖνος
777 1749 1006 1842 ἀπησχόλησεν
1029 1752 1137 1837 αότὸν,

102 1851 238 1950 ἅπαντα
256 1851 296 1921 άν
309 1849 371 1942 ήδη
385 1852 426 1920 τά
439 1860 498 1921 τοῦ
512 1855 703 1943 Περιπάτου
717 1852 892 1944 ἠπίστατο,
913 1856 951 1937 ὃς
963 1861 1019 1924 καὶ
1037 1855 1139 1927 όκτω-

101 1958 315 2043 καιδεκαέτης
333 1953 378 2023 τόν
397 1952 509 2024 άνέλυε
526 1959 582 2024 καὶ
598 1955 656 2045 τήν
673 1957 814 2047 φυσικήν
829 1955 986 2048 όκρόασιν
1003 1964 1139 2050 μετελη-

103 2062 205 2128 λύθει
223 2058 256 2139 ές
272 2062 375 2139 τέλος.
413 2056 587 2148 ἀμηχανῶν
606 2060 642 2127 δὲ
661 2057 752 2146 ὅμως
769 2068 817 2149 τῷ
836 2061 934 2151 ἔρωτι
951 2064 1066 2150 μηνύει
1079 2090 1139 2148 μοι

102 2162 144 2232 τὸ
165 2169 242 2230 πᾶν.
278 2160 340 2249 ἐγὼ
364 2162 414 2244 δὲ,
439 2158 554 2251 ὥσπερ
577 2160 665 2242 εἰκὸς
686 2152 725 2250 ήν
749 2162 947 2231 διδάσκαλον
966 2163 1057 2247 όντα,
1081 2164 1138 2233 τὸν

31 2261 35 2267 ’
99 2262 313 2352 Ὑπερβόρεον
330 2263 450 2333 ἐκεῖνον
468 2265 573 2352 μάγον
591 2261 661 2353 άγω
675 2263 760 2352 πρὸς
773 2261 873 2333 αότὸν
888 2264 945 2334 έπλ
957 2280 1054 2351 μναῖς
1067 2273 1138 2335 τέτ-

103 2392 206 2490 τριρσι
221 2365 329 2451 μέν
296 2395 334 2437 το
353 2394 486 2455 παραυτ
488 2374 602 2435 ί-κα
559 2366 740 2435 -έδει
701 2394 766 2494 γαρ
785 2372 984 2458 προτελέσαι
1001 2397 1034 2438 τι
1052 2369 1138 2460 πρὸς

103 2469 165 2549 τὰς
182 2476 366 2551 θυσίας-
384 2470 460 2538 έτκα
462 2472 552 2539 δεκα
571 2472 607 2540 δέ
624 2470 709 2539 εί
671 2497 764 2555 τυχοι
781 2498 840 2560 της
853 2483 947 2562 Χρυσ
948 2475 1028 2554 δος
1056 2470 1137 2542 όδὲ
1232 2461 1234 2466 ’

104 2570 283 2661 αὐξομένην
304 2575 449 2663 τηρήσας
470 2572 528 2663 τήν
551 2575 748 2663 σελήνην-
770 2574 848 2643 τότε
869 2573 931 2665 γάρ
955 2574 1001 2656 ὦς
1024 2575 1130 2644 έπλ
1098 2604 1136 2645 το

103 2674 243 2743 πολὺ
207 2703 250 2742 τα
267 2684 406 2745 τοιαῦτα
423 2680 758 2766 τελεσιουργεῖται-
775 2678 905 2767 βόθρον
922 2703 958 2744 τε
977 2676 1137 2766 ὀρυξάμε-

102 2804 158 2857 νος
176 2778 210 2846 έν
228 2780 328 2869 αἰθρί
328 2807 355 2868 ῳ
373 2783 439 2848 τινὶ
455 2787 513 2868 τῆς
531 2780 597 2848 οἰκί
584 2787 637 2861 ίας
658 2781 737 2866 περὶ
757 2785 862 2865 μέσας
884 2780 1001 2859 νύκτας
1023 2778 1138 2847 άνεκά-

102 2878 240 2949 λεσεν
221 2895 300 2970 ημῖν
321 2890 454 2972 πρῶτον
479 2880 597 2967 μέν
564 2910 621 2951 τον
639 2879 876 2965 Αλεξικλέα
843 2908 900 2950 τον
921 2888 1051 2974 πατέρα
1071 2890 1137 2950 ’τοῦ

102 2988 266 3052 Γλαυκίου
293 2983 359 3075 πρὸ
388 2984 473 3054 ἑπτά
499 2993 609 3074 μηνῶν
634 2992 819 3053 τεθνεῶτα·
851 2982 1024 3074 ἠγανάκτει
1055 2987 1091 3055 δὲ
1118 2984 1136 3055 5

66 3129 83 3149 .
100 3093 206 3175 γέρων
225 3073 282 3156 ἐπὶ
300 3096 347 3176 τῷ
366 3088 464 3178 έρωτι
481 3091 536 3155 καὶ
555 3086 723 3175 ὠργίζετο,
741 3086 785 3156 τά
802 3090 974 3156 τελευταῖα
993 3090 1028 3156 δὲ
1047 3084 1137 3174 όμιος

5 3193 10 3197 ’
100 3189 222 3279 δφήκεν
241 3188 329 3279 αὐτῷ
349 3190 434 3281 ίράν.
461 3188 545 3276 μετὰ
564 3192 599 3258 δὲ
617 3189 674 3277 τήν
683 3187 816 3278 Ἑκάτην
833 3217 870 3258 τε
884 3188 1040 3278 άνήγαγεν
1054 3190 1137 3257 ἐπα-

100 3299 240 3381 γομένην
257 3294 313 3363 τὸν
332 3300 493 3384 Κέρβερον
511 3295 567 3361 καὶ
583 3290 641 3381 τήν
654 3293 795 3380 Σελήνην
813 3297 1012 3375 κατέσπασε,
1031 3294 1136 3360 πολό-

100 3389 235 3486 μορφάν
256 3424 288 3464 τι
311 3402 426 3482 θέαμα
448 3400 504 3465 καὶ
527 3393 643 3464 άλλοτε
667 3392 800 3465 άλλοῑόν
821 3423 855 3464 τι
876 3396 1136 3486 φανταζόμενον·

98 3498 140 3567 τὸ
158 3504 218 3583 μὲν
235 3498 298 3587 γάρ
315 3507 450 3588 πρῶτον
467 3506 652 3589 γυναικείαν
669 3499 801 3590 μορφήν
820 3499 1040 3585 ἐπεδείκνυτο,
1066 3498 1137 3569 εἶτα

98 3608 182 3686 βοῦς
209 3601 334 3689 ἐγένετο
361 3605 543 3691 πάγκαλος,
575 3600 647 3672 εἶτα
679 3604 802 3685 σκύλαξ
832 3602 995 3694 ἐφαίνετο.
1044 3607 1137 3683 τέλος

93 3701 133 3771 δ’
153 3696 208 3771 οὗν
235 3702 485 3795 δ’Υπερβόρεος
513 3707 547 3775 έν
572 3709 681 3796 πηλοῦ
708 3706 845 3789 ἐρώτιόν
870 3733 905 3774 τι
931 3703 1134 3786 ἀναπλάσας,

95 3803 265 3890 “όι’πιθι,”
286 3807 364 3897 ἐ’φη,
381 3806 461 3878 “nal
478 3809 535 3899 άγε
553 3807 734 3898 Χρυσίδα.”
770 3813 825 3877 καὶ
844 3806 862 3876 5
880 3810 939 3893 μὲν
957 3805 1063 3895 πηλός
1083 3806 1134 3888 ἔξ-

99 3916 242 3993 έπτατο,
279 3910 364 3996 μετά
388 3913 504 4004 μικρὸν
535 3915 571 3982 δὲ
598 3911 718 4001 ἐπέστη
745 3913 917 3979 κόπτουσα
942 3907 1000 3998 τήν
1026 3910 1134 3999 θήραν

32 4046 38 4053 ·
98 4011 221 4103 έκείνη,
247 4017 302 4083 καὶ
327 4014 527 4086 εἰσελθοῦσα
550 4016 744 4106 περιβάλλει
765 4012 822 4082 τόν
843 4018 1006 4168 Γλαυγίὰν
1029 4011 1074 4094 ὥς
1096 4009 1136 4083 άν
