2748 4572
226 210 273 277 44
473 221 477 227 ·
615 220 872 278 ΔοΥΚΙιοοΥ

229 325 360 416 ὀλίγους
368 310 436 413 μέν
452 327 586 406 κύκνους
604 322 707 396 ἐνίοτε
725 323 852 414 ὑριῦμεν
871 325 993 407 ἐντοῖς
1010 325 1099 395 ύλεσι
1119 333 1180 395 τοῦ
1197 351 1267 396 πο-

130 442 132 447 ’
227 437 349 515 ταμοὺ,
373 433 429 497 καὶ
446 429 626 519 κρώζουσιν
644 418 739 496 οὗτοι
754 428 843 496 πάνυ
863 423 1011 513 ἀμουσον
1032 430 1089 496 καί
1110 424 1263 511 ἀσθενὲς,

228 530 277 615 υὺς
296 530 375 613 τοὺς
401 533 544 622 κόρακας
568 527 591 619 ἢ
615 529 694 611 τοὺς
718 528 870 610 κολοιοὺς
890 536 1049 620 Σειρῆνας
1070 526 1268 618 εἶναιπρὸς

227 632 364 717 αὑτοὺς,
388 632 535 725 ᾀδόντων
552 635 590 708 δέ
606 636 662 702 καλ
683 630 745 722 ἡδὺ
766 635 824 701 καὶ
846 629 917 700 οἷον
939 630 981 701 σὺ
1004 628 1071 722 φῂς
1092 629 1166 701 οὔδ’
1183 623 1267 722 δναρ

229 737 427 827 ἀκηκόαμεν·
459 733 547 806 ὑύστε
576 736 794 822 θαυμάζομεν
823 735 936 804 πόθεν
964 741 1071 805 ταῦτα
1100 735 1149 817 είς
1177 732 1267 820 ὑμᾶς

229 838 368 931 ἀφίκετο
385 844 464 931 περὶ
480 837 603 929 ἡμιόν.”

96 975 103 992 ¹
194 966 211 1016 ε
280 942 393 1013 Πολλὰ
415 951 554 1012 τοιαῦτα
577 941 830 1030 ἐξαπατηθῆναι
852 939 925 1010 ἐστι
944 941 1166 1022 πιστεύοντας
1191 955 1266 1023 τοῖς

227 1045 316 1134 πρὸς
342 1046 381 1115 τὸ
407 1047 518 1131 μεῖζον
545 1045 667 1114 έκαστα
693 1044 931 1132 ἐξηγουμένοις.
976 1038 1064 1111 ὑύοτε
1088 1039 1179 1131 κάγὼ
1208 1051 1264 1112 νῦν

230 1151 326 1219 δέδια
342 1146 427 1238 ὑπέρ
447 1148 590 1234 ἐμαυτοῦ
608 1147 653 1236 μὴ
671 1144 766 1233 ὑμεῖς
784 1143 861 1237 ἀρτι
880 1144 1071 1236 ἀφιγμένοι,
1089 1150 1265 1215 καὶτοῦτο

227 1260 364 1343 πρῶτον
387 1249 628 1342 ἀκροασόμενοι
650 1246 756 1337 ἡμῶν,
784 1246 923 1338 ἢλεκτρά
949 1251 1105 1317 τινακαὶ
1130 1249 1266 1331 κύκνους

230 1352 424 1435 ἐλπίσαντες
442 1350 592 1442 εὑρήσειν
609 1343 693 1440 παρ’Ι
703 1349 790 1440 ἡμῖν,
811 1352 928 1420 ἔπειτα
944 1347 1014 1437 μετ’
1031 1348 1140 1440 ὀλίγον
1159 1348 1265 1420 ἀπέλ-

228 1465 314 1547 θητε
327 1460 568 1545 καταγελῶντες
580 1463 646 1525 τῶν
659 1452 894 1540 ὑποσχομένων
906 1451 985 1541 ὑμῖν
996 1461 1138 1523 τοιαῦτα
1152 1454 1265 1524 πολλὰ

228 1562 382 1648 κειμήλια
400 1559 519 1628 ἐνεῖναι
535 1572 607 1638 τοῖς
624 1559 745 1645 λόγοις.
786 1555 870 1626 ἀλλά
887 1558 1098 1649 μαρτύρομαι
1116 1554 1163 1638 ιὺς
1181 1558 1264 1644 ἐμοῦ

228 1669 368 1731 τοιαῦτα
385 1664 692 1751 μεγαλαυχουμένου
710 1664 790 1748 περὶ
805 1667 872 1728 τῶν
885 1659 973 1745 ἐμῶν
987 1658 1063 1730 ούτε
1076 1657 1171 1747 ὑμεῖς
1185 1659 1264 1732 ούτε

229 1761 329 1844 ἀλλος
350 1791 406 1833 πω
430 1762 579 1852 ἀκήκοεν,
604 1760 676 1832 οὐδ’
693 1760 734 1832 ἀν
757 1761 909 1831 ἀκούσειέ
930 1788 1024 1831 ποτε.
1069 1759 1183 1845 ἀλλοις
1203 1767 1264 1851 μὲν
1363 1812 1364 1821 ¹

228 1866 290 1957 γὰρ
310 1865 369 1936 οὑκ
392 1866 516 1955 ὀλίγοις
539 1866 684 1951 ἐντύχοις
704 1863 746 1935 ἀν
761 1864 944 1953 Ἠριδανοῖς
965 1891 1036 1934 τισι
1056 1870 1113 1935 κοιλ
1136 1866 1187 1947 οῖς
1203 1865 1265 1936 ούκ

228 1967 391 2058 ἤλεκτρον,
412 1968 496 2038 ἀλλὰ
510 1969 632 2061 χρυσὸς
650 1967 750 2051 αὐτὸς
764 1967 949 2051 ἀποστάζει
959 1975 1027 2037 τῶν
1038 1968 1154 2057 λόγων,
1174 1969 1262 2039 πολὺ
1363 2032 1364 2055 ,

228 2079 296 2140 τῶν
320 2074 445 2141 κύκνων
474 2080 540 2142 τῶν
570 2080 752 2161 ποιητικῶν
782 2072 1026 2160 λιγυρωτέροις·
1056 2070 1096 2141 τὸ
1128 2069 1159 2141 δ’
1184 2071 1264 2158 ἐμὸν
1363 2092 1364 2141 3

229 2172 329 2265 ὑρᾶτε
351 2173 413 2265 ἤδη
437 2162 558 2245 ὑποῖον
579 2173 740 2244 ὑπλοῖκδν
760 2178 816 2242 καί
838 2170 986 2260 ἀμυθον,
1014 2171 1094 2244 ούδέ
1118 2202 1170 2256 τις
1192 2173 1266 2271 ᾦδὺη
1363 2160 1364 2189 ³

228 2279 419 2369 πρόσεστιν.
457 2275 542 2347 ὥστε
565 2275 627 2364 δρα
647 2277 693 2367 μὴ
715 2274 904 2345 τοιοῦτότι
924 2277 1043 2368 πάθης
1065 2280 1165 2363 μείζω
1183 2282 1264 2366 περὶ

227 2378 321 2469 ἡμῶν
349 2380 501 2463 ἐλπίσας,
534 2380 665 2449 οἷόντε
691 2381 877 2464 πάσχουσιν
904 2379 937 2447 οί
961 2377 1004 2447 τὰ
1035 2379 1140 2468 ἐντῷ
1164 2377 1266 2450 ὑδατι

230 2480 385 2575 δρῶντες·
405 2484 553 2568 οἰόμενοι
569 2482 631 2573 γὰρ
649 2487 828 2572 τηλικαῦτα
847 2479 930 2552 εἶναι
948 2479 1033 2551 αὑτὰ
1046 2479 1110 2550 ὅσα
1129 2483 1265 2573 διεφαί·

228 2611 302 2654 νετο
329 2583 441 2665 αὐτοῖς
468 2582 611 2667 ἀνωθεν,
644 2582 858 2675 εύρονομένης
883 2591 944 2674 τῆς
969 2590 1064 2667 σκιᾶς
1093 2583 1180 2672 πρὸς
1204 2585 1264 2674 τὴν

176 2686 179 2691 ’
229 2685 340 2777 αύγὴν,
361 2687 496 2757 ἐπειδὰν
515 2686 883 2776 ἀνασπάσωσι,’πολλῷ
899 2688 1079 2777 μικρότερα
1097 2685 1266 2779 εὑρίσκον-

227 2817 283 2870 τες
300 2788 466 2860 ἀνιῶνται.
502 2788 564 2880 ἤδη
584 2780 642 2858 οὑν
661 2814 718 2858 σοι
733 2782 885 2879 προλέγω
908 2789 1020 2875 ἐκχέας
1039 2788 1080 2859 τὸ
1098 2786 1188 2879 ὑδωρ
1205 2794 1265 2858 καὶ

230 2891 454 2983 ἀποκαλύψας
478 2891 569 2978 τάμὰ
599 2894 700 2982 μηδὲν
730 2898 815 2979 μέγα
841 2892 1074 2984 προσδοκήσῃς
1100 2891 1267 2980 ἀνιμήσα-
1281 2926 1295 2931 -

230 3004 327 3078 σθαι,
345 2992 368 3084 ἢ
386 2995 507 3065 σαυτὸν
526 2996 661 3085 αἰτιάσῃ
677 3002 736 3085 τῆς
754 2994 909 3076 ἐλπίδος..

504 3255 669 3322 ΜΥΙΑΣ
695 3250 986 3322 ΕΓΚΩΜΙΟΝ.

164 3500 167 3503 .
193 3429 210 3482 1
277 3406 316 3478 ‘H
329 3421 412 3495 μυῖα
430 3409 508 3483 ἐστι,
521 3410 580 3494 μὲν
603 3406 640 3476 οὑ
658 3405 697 3475 τὸ
719 3407 918 3495 μικρότατον
937 3412 1005 3476 ,τῶν
1028 3402 1158 3495 δονέων,
1183 3400 1269 3476 ὅσον
1362 3446 1363 3457 1

229 3508 348 3602 ἐμπίσι
369 3514 424 3580 καί
445 3515 585 3599 κώνωψι
606 3512 661 3577 καί
682 3521 755 3588 τοῖς
777 3509 826 3576 ’έτι
848 3512 1061 3598 λεπτοτέροις
1088 3508 1270 3593 παραβόλ-

228 3616 306 3697 λειν,
330 3612 415 3682 ἀλλὰ
436 3621 593 3683 τοσοῦτον
616 3611 746 3679 ἐκείνων
762 3617 900 3699 μεγέθει
921 3607 1060 3699 προύχει
1081 3606 1161 3681 ὅσον
1178 3606 1268 3699 αὑτὴ

227 3721 380 3804 μελίττης
402 3715 632 3785 ἀπολείπεται.
673 3714 860 3803 ἐπτέρωται
882 3711 980 3782 δλοὺ
1002 3709 1150 3782 κατὰτὰ
1176 3709 1269 3780 αὑτὰ

227 3834 300 3899 τοῖς
319 3818 443 3901 ἀλλοις,
468 3816 515 3898 ιὺς
530 3829 601 3909 τοῖς
618 3818 678 3902 μέν
694 3813 930 3900 ἁπανταχόθεν
947 3823 1052 3901 κομᾶν
1067 3820 1129 3884 τοὺ
1147 3812 1271 3898 στόμα-

227 3947 294 4003 τος,
313 3935 385 4002 τοῖς
403 3923 439 3989 δὲ
457 3918 660 4011 ὠκυπτέροις
675 3927 833 4008 χρῆσθαι,
854 3917 938 3987 ἀλλὰ
950 3915 1036 3986 κατὰ
1048 3916 1109 3998 τὰς
1125 3914 1271 4003 ἀκρίδας

227 4028 284 4092 καὶ
306 4031 461 4121 τέττιγας,
474 4027 530 4092 καί
550 4027 704 4110 μελίττας
727 4023 814 4091 ἐστὶν
840 4018 1076 4109 ὑμενόπτερος,
1104 4024 1271 4088 τοσοῦτον
