<?xml version="1.0" encoding="UTF-8"?>
<!DOCTYPE html PUBLIC "-//W3C//DTD XHTML 1.0 Transitional//EN"
    "http://www.w3.org/TR/xhtml1/DTD/xhtml1-transitional.dtd">
<html xmlns="http://www.w3.org/1999/xhtml" xml:lang="en" lang="en">
 <head>
  <title>
</title>
<meta http-equiv="Content-Type" content="text/html;charset=utf-8" />
  <meta name='ocr-system' content='tesseract 3.04.00' />
  <meta name='ocr-capabilities' content='ocr_page ocr_carea ocr_par ocr_line ocrx_word'/>
</head>
<body>
  <div class='ocr_page' id='page_1' title='image "./lucianisamosate00dindgoog_0229.png"; bbox 0 0 2792 4580; ppageno 0'>
   <div class='ocr_carea' id='block_1_1' title="bbox 217 224 1282 443">
    <p class='ocr_par' dir='ltr' id='par_1_1' title="bbox 217 224 1282 443">
     <span class='ocr_line' id='line_1_1' title="bbox 217 224 860 293; baseline 0 -3"><span class='ocrx_word' id='word_1_1' title='bbox 217 224 283 291; x_wconf 73' lang='lat'><strong><em>212</em></strong></span> <span class='ocrx_word' id='word_1_2' title='bbox 604 235 860 293; x_wconf 62' lang='lat' dir='ltr'><strong>AOYKIANOJ&#39;</strong></span> 
     </span>
     <span class='ocr_line' id='line_1_2' title="bbox 218 337 1282 443; baseline -0.009 -26"><span class='ocrx_word' id='word_1_3' title='bbox 218 344 472 443; x_wconf 72' lang='grc' dir='ltr'><strong><em>παραδέδωκας,</em></strong></span> <span class='ocrx_word' id='word_1_4' title='bbox 496 341 645 422; x_wconf 76' lang='grc' dir='ltr'><strong><em>εἰκότως·</em></strong></span> <span class='ocrx_word' id='word_1_5' title='bbox 672 337 753 430; x_wconf 80' lang='grc' dir='ltr'><strong><em>ῆδὺς</em></strong></span> <span class='ocrx_word' id='word_1_6' title='bbox 773 341 836 430; x_wconf 90' lang='grc' dir='ltr'><strong><em>γάρ</em></strong></span> <span class='ocrx_word' id='word_1_7' title='bbox 859 338 1000 427; x_wconf 74' lang='grc' dir='ltr'><strong><em>ἐστιτῷ</em></strong></span> <span class='ocrx_word' id='word_1_8' title='bbox 1016 342 1177 429; x_wconf 76' lang='grc' dir='ltr'><strong><em>μειρακίῳ</em></strong></span> <span class='ocrx_word' id='word_1_9' title='bbox 1194 340 1254 408; x_wconf 86' lang='grc' dir='ltr'><strong><em>καί</em></strong></span> <span class='ocrx_word' id='word_1_10' title='bbox 1269 363 1282 373; x_wconf 64' lang='grc'><strong>“</strong></span> 
     </span>
    </p>
   </div>
   <div class='ocr_carea' id='block_1_2' title="bbox 167 433 1360 4125">
    <p class='ocr_par' dir='ltr' id='par_1_2' title="bbox 218 433 1258 1048">
     <span class='ocr_line' id='line_1_3' title="bbox 218 433 1258 537; baseline -0.007 -21"><span class='ocrx_word' id='word_1_11' title='bbox 218 445 306 537; x_wconf 84' lang='grc' dir='ltr'><strong><em>πρὸς</em></strong></span> <span class='ocrx_word' id='word_1_12' title='bbox 320 447 416 536; x_wconf 93' lang='grc' dir='ltr'><strong><em>χάριν</em></strong></span> <span class='ocrx_word' id='word_1_13' title='bbox 434 442 526 534; x_wconf 76' lang='grc' dir='ltr'><strong><em>αύτῷ</em></strong></span> <span class='ocrx_word' id='word_1_14' title='bbox 543 445 702 513; x_wconf 79' lang='grc' dir='ltr'><strong><em>σύνεστιν.</em></strong></span> <span class='ocrx_word' id='word_1_15' title='bbox 739 444 769 511; x_wconf 89' lang='grc' dir='ltr'><strong><em>εἰ</em></strong></span> <span class='ocrx_word' id='word_1_16' title='bbox 788 445 825 510; x_wconf 80' lang='grc' dir='ltr'><strong><em>δέ</em></strong></span> <span class='ocrx_word' id='word_1_17' title='bbox 841 439 886 531; x_wconf 80' lang='grc' dir='ltr'><strong><em>μὴ</em></strong></span> <span class='ocrx_word' id='word_1_18' title='bbox 910 441 1044 531; x_wconf 80' lang='grc' dir='ltr'><strong><em>αἰσχρὸν</em></strong></span> <span class='ocrx_word' id='word_1_19' title='bbox 1065 433 1105 530; x_wconf 79' lang='grc' dir='ltr'><strong><em>ἦν</em></strong></span> <span class='ocrx_word' id='word_1_20' title='bbox 1122 441 1181 526; x_wconf 79' lang='grc' dir='ltr'><strong><em>ἐμὲ</em></strong></span> <span class='ocrx_word' id='word_1_21' title='bbox 1198 443 1258 509; x_wconf 83' lang='grc' dir='ltr'><strong><em>λέ-</em></strong></span> 
     </span>
     <span class='ocr_line' id='line_1_4' title="bbox 218 541 1257 638; baseline -0.007 -20"><span class='ocrx_word' id='word_1_22' title='bbox 218 570 287 638; x_wconf 87' lang='grc' dir='ltr'><strong><em>γειν</em></strong></span> <span class='ocrx_word' id='word_1_23' title='bbox 299 548 499 631; x_wconf 82' lang='grc' dir='ltr'><strong><em>τὰτοιαῦτα,</em></strong></span> <span class='ocrx_word' id='word_1_24' title='bbox 514 550 570 615; x_wconf 85' lang='grc' dir='ltr'><strong><em>καλ</em></strong></span> <span class='ocrx_word' id='word_1_25' title='bbox 584 543 623 615; x_wconf 86' lang='grc' dir='ltr'><strong><em>ἀν</em></strong></span> <span class='ocrx_word' id='word_1_26' title='bbox 635 573 669 615; x_wconf 90' lang='grc' dir='ltr'><strong><em>τι</em></strong></span> <span class='ocrx_word' id='word_1_27' title='bbox 682 551 879 636; x_wconf 76' lang='grc' dir='ltr'><strong><em>προσέθηκα</em></strong></span> <span class='ocrx_word' id='word_1_28' title='bbox 888 541 989 632; x_wconf 78' lang='grc' dir='ltr'><strong><em>,ὅπερ</em></strong></span> <span class='ocrx_word' id='word_1_29' title='bbox 1004 543 1054 629; x_wconf 81' lang='grc' dir='ltr'><strong><em>σὺ,</em></strong></span> <span class='ocrx_word' id='word_1_30' title='bbox 1070 545 1101 613; x_wconf 84' lang='grc' dir='ltr'><strong><em>εἰ</em></strong></span> <span class='ocrx_word' id='word_1_31' title='bbox 1110 543 1257 627; x_wconf 80' lang='grc' dir='ltr'><strong><em>ἐθέλεις,-</em></strong></span> 
     </span>
     <span class='ocr_line' id='line_1_5' title="bbox 218 631 1253 740; baseline -0.004 -20"><span class='ocrx_word' id='word_1_32' title='bbox 218 650 313 740; x_wconf 84' lang='grc' dir='ltr'><strong><em>παρά</em></strong></span> <span class='ocrx_word' id='word_1_33' title='bbox 334 631 499 739; x_wconf 67' lang='grc' dir='ltr'><strong><em>λωπύρου</em></strong></span> <span class='ocrx_word' id='word_1_34' title='bbox 520 657 579 718; x_wconf 89' lang='grc' dir='ltr'><strong><em>τοῦ</em></strong></span> <span class='ocrx_word' id='word_1_35' title='bbox 602 650 819 738; x_wconf 75' lang='grc' dir='ltr'><strong><em>παιδαγωγοῦ</em></strong></span> <span class='ocrx_word' id='word_1_36' title='bbox 842 646 882 717; x_wconf 85' lang='grc' dir='ltr'><strong><em>ἀν</em></strong></span> <span class='ocrx_word' id='word_1_37' title='bbox 902 649 1032 733; x_wconf 89' lang='grc' dir='ltr'><strong><em>μάθοις</em></strong></span> <span class='ocrx_word' id='word_1_38' title='bbox 1055 642 1180 736; x_wconf 77' lang='grc' dir='ltr'><strong><em>ἀληθὲς</em></strong></span> <span class='ocrx_word' id='word_1_39' title='bbox 1202 643 1253 716; x_wconf 80' lang='grc' dir='ltr'><strong><em>ἐν.</em></strong></span> 
     </span>
     <span class='ocr_line' id='line_1_6' title="bbox 219 747 1252 853; baseline -0.001 -32"><span class='ocrx_word' id='word_1_40' title='bbox 219 751 289 821; x_wconf 78' lang='grc' dir='ltr'><strong><em>ἀλλ’</em></strong></span> <span class='ocrx_word' id='word_1_41' title='bbox 305 750 343 821; x_wconf 87' lang='grc' dir='ltr'><strong><em>οῦ</em></strong></span> <span class='ocrx_word' id='word_1_42' title='bbox 360 752 422 843; x_wconf 82' lang='grc' dir='ltr'><strong><em>χρὴ</em></strong></span> <span class='ocrx_word' id='word_1_43' title='bbox 439 754 611 843; x_wconf 76' lang='grc' dir='ltr'><strong><em>ταράττειν</em></strong></span> <span class='ocrx_word' id='word_1_44' title='bbox 630 752 662 820; x_wconf 83' lang='grc' dir='ltr'><strong><em>ἐν</em></strong></span> <span class='ocrx_word' id='word_1_45' title='bbox 680 753 800 840; x_wconf 90' lang='grc' dir='ltr'><strong><em>γάμοις</em></strong></span> <span class='ocrx_word' id='word_1_46' title='bbox 816 748 894 820; x_wconf 76' lang='grc' dir='ltr'><strong><em>οῦδὲ</em></strong></span> <span class='ocrx_word' id='word_1_47' title='bbox 912 754 1101 853; x_wconf 74' lang='grc' dir='ltr'><strong><em>διαβάλλειν</em></strong></span> <span class='ocrx_word' id='word_1_48' title='bbox 1119 747 1252 849; x_wconf 78' lang='grc' dir='ltr'><strong><em>ἀλλους,</em></strong></span> 
     </span>
     <span class='ocr_line' id='line_1_7' title="bbox 218 850 1255 946; baseline -0.003 -22"><span class='ocrx_word' id='word_1_49' title='bbox 218 860 275 928; x_wconf 82' lang='grc' dir='ltr'><strong><em>καὶ</em></strong></span> <span class='ocrx_word' id='word_1_50' title='bbox 290 857 436 941; x_wconf 90' lang='grc' dir='ltr'><strong><em>μάλιστα</em></strong></span> <span class='ocrx_word' id='word_1_51' title='bbox 455 853 505 946; x_wconf 77' lang='grc' dir='ltr'><strong><em>ἐφ’</em></strong></span> <span class='ocrx_word' id='word_1_52' title='bbox 522 850 628 935; x_wconf 85' lang='grc' dir='ltr'><strong><em>ούτως</em></strong></span> <span class='ocrx_word' id='word_1_53' title='bbox 646 856 798 943; x_wconf 83' lang='grc' dir='ltr'><strong><em>αἰσχραῖς</em></strong></span> <span class='ocrx_word' id='word_1_54' title='bbox 816 856 950 935; x_wconf 76' lang='grc' dir='ltr'><strong><em>αἰτίαις,</em></strong></span> <span class='ocrx_word' id='word_1_55' title='bbox 985 858 1041 923; x_wconf 81' lang='grc' dir='ltr'><strong><em>καὶ</em></strong></span> <span class='ocrx_word' id='word_1_56' title='bbox 1062 852 1124 942; x_wconf 81' lang='grc' dir='ltr'><strong><em>γάρ</em></strong></span> <span class='ocrx_word' id='word_1_57' title='bbox 1143 854 1175 922; x_wconf 84' lang='grc' dir='ltr'><strong><em>εἰ</em></strong></span> <span class='ocrx_word' id='word_1_58' title='bbox 1192 859 1255 923; x_wconf 62' lang='grc' dir='ltr'><strong><em>Δί·</em></strong></span> 
     </span>
     <span class='ocr_line' id='line_1_8' title="bbox 220 953 1251 1048; baseline -0.001 -22"><span class='ocrx_word' id='word_1_59' title='bbox 220 962 319 1048; x_wconf 90' lang='grc' dir='ltr'><strong><em>φιλος</em></strong></span> <span class='ocrx_word' id='word_1_60' title='bbox 342 956 448 1041; x_wconf 86' lang='grc' dir='ltr'><strong><em>ἀξιος,</em></strong></span> <span class='ocrx_word' id='word_1_61' title='bbox 477 958 536 1025; x_wconf 87' lang='grc' dir='ltr'><strong><em>δύο</em></strong></span> <span class='ocrx_word' id='word_1_62' title='bbox 562 953 624 1046; x_wconf 86' lang='grc' dir='ltr'><strong><em>ῆδη</em></strong></span> <span class='ocrx_word' id='word_1_63' title='bbox 651 959 809 1046; x_wconf 90' lang='grc' dir='ltr'><strong><em>μαθητάς</em></strong></span> <span class='ocrx_word' id='word_1_64' title='bbox 834 984 900 1043; x_wconf 90' lang='grc' dir='ltr'><strong><em>μου</em></strong></span> <span class='ocrx_word' id='word_1_65' title='bbox 922 957 1149 1047; x_wconf 80' lang='grc' dir='ltr'><strong><em>περισπάσας,</em></strong></span> <span class='ocrx_word' id='word_1_66' title='bbox 1179 953 1251 1025; x_wconf 77' lang='grc' dir='ltr'><strong><em>ἀλλ’</em></strong></span> 
     </span>
    </p>

    <p class='ocr_par' dir='ltr' id='par_1_3' title="bbox 167 1057 1255 1559">
     <span class='ocr_line' id='line_1_9' title="bbox 167 1057 1254 1150; baseline 0 -23"><span class='ocrx_word' id='word_1_67' title='bbox 167 1079 202 1128; x_wconf 77' lang='grc' dir='ltr'><strong><em>ετ</em></strong></span> <span class='ocrx_word' id='word_1_68' title='bbox 221 1060 321 1150; x_wconf 83' lang='grc' dir='ltr'><strong><em>ἐγωγε</em></strong></span> <span class='ocrx_word' id='word_1_69' title='bbox 339 1065 544 1150; x_wconf 80' lang='grc' dir='ltr'><strong><em>φιλοσοφίας</em></strong></span> <span class='ocrx_word' id='word_1_70' title='bbox 563 1057 661 1147; x_wconf 87' lang='grc' dir='ltr'><strong><em>αύτῆς</em></strong></span> <span class='ocrx_word' id='word_1_71' title='bbox 684 1060 776 1127; x_wconf 72' lang='grc' dir='ltr'><strong><em>ἕνεκα</em></strong></span> <span class='ocrx_word' id='word_1_72' title='bbox 798 1062 1024 1149; x_wconf 79' lang='grc' dir='ltr'><strong><em>σιωπήσομαι.</em></strong></span> <span class='ocrx_word' id='word_1_73' title='bbox 1061 1060 1254 1146; x_wconf 65' lang='grc' dir='ltr'><strong><em>προσέταξα</em></strong></span> 
     </span>
     <span class='ocr_line' id='line_1_10' title="bbox 221 1159 1255 1258; baseline -0.001 -27"><span class='ocrx_word' id='word_1_74' title='bbox 221 1165 257 1231; x_wconf 84' lang='grc' dir='ltr'><strong><em>δδ</em></strong></span> <span class='ocrx_word' id='word_1_75' title='bbox 274 1170 322 1252; x_wconf 78' lang='grc' dir='ltr'><strong><em>τῷ</em></strong></span> <span class='ocrx_word' id='word_1_76' title='bbox 341 1163 448 1252; x_wconf 78' lang='grc' dir='ltr'><strong><em>οἰκέτῃ</em></strong></span> <span class='ocrx_word' id='word_1_77' title='bbox 466 1163 588 1258; x_wconf 82' lang='grc' dir='ltr'><strong><em>τούτῳ,</em></strong></span> <span class='ocrx_word' id='word_1_78' title='bbox 614 1159 651 1249; x_wconf 81' lang='grc' dir='ltr'><strong><em>ῆν</em></strong></span> <span class='ocrx_word' id='word_1_79' title='bbox 675 1164 775 1250; x_wconf 79' lang='grc' dir='ltr'><strong><em>διδῷς</em></strong></span> <span class='ocrx_word' id='word_1_80' title='bbox 794 1159 883 1251; x_wconf 77' lang='grc' dir='ltr'><strong><em>αἰτῶ</em></strong></span> <span class='ocrx_word' id='word_1_81' title='bbox 900 1164 1019 1248; x_wconf 86' lang='grc' dir='ltr'><strong><em>μοῖράν</em></strong></span> <span class='ocrx_word' id='word_1_82' title='bbox 1041 1189 1115 1231; x_wconf 89' lang='grc' dir='ltr'><strong><em>τινα</em></strong></span> <span class='ocrx_word' id='word_1_83' title='bbox 1132 1159 1153 1250; x_wconf 79' lang='grc' dir='ltr'><em>ἢ</em></span> <span class='ocrx_word' id='word_1_84' title='bbox 1172 1161 1255 1242; x_wconf 85' lang='grc' dir='ltr'><strong><em>συὸς</em></strong></span> 
     </span>
     <span class='ocr_line' id='line_1_11' title="bbox 219 1262 1255 1354; baseline 0.001 -22"><span class='ocrx_word' id='word_1_85' title='bbox 219 1263 241 1354; x_wconf 77' lang='grc' dir='ltr'><em>ἢ</em></span> <span class='ocrx_word' id='word_1_86' title='bbox 259 1265 385 1354; x_wconf 86' lang='grc' dir='ltr'><strong><em>ἐλάφου</em></strong></span> <span class='ocrx_word' id='word_1_87' title='bbox 407 1262 429 1353; x_wconf 82' lang='grc' dir='ltr'>ἢ</span> <span class='ocrx_word' id='word_1_88' title='bbox 447 1271 685 1353; x_wconf 88' lang='grc' dir='ltr'><strong><em>σησαμοῦντος,</em></strong></span> <span class='ocrx_word' id='word_1_89' title='bbox 712 1262 757 1345; x_wconf 87' lang='grc' dir='ltr'><strong><em>ῶς</em></strong></span> <span class='ocrx_word' id='word_1_90' title='bbox 780 1265 853 1351; x_wconf 82' lang='grc' dir='ltr'><strong><em>ἐμοὶ</em></strong></span> <span class='ocrx_word' id='word_1_91' title='bbox 875 1266 1080 1350; x_wconf 76' lang='grc' dir='ltr'><strong><em>διακομίσαι</em></strong></span> <span class='ocrx_word' id='word_1_92' title='bbox 1100 1269 1157 1332; x_wconf 81' lang='grc' dir='ltr'><strong><em>καὶ</em></strong></span> <span class='ocrx_word' id='word_1_93' title='bbox 1179 1262 1255 1333; x_wconf 81' lang='grc' dir='ltr'><strong><em>ἀντὶ</em></strong></span> 
     </span>
     <span class='ocr_line' id='line_1_12' title="bbox 218 1365 1253 1462; baseline 0 -25"><span class='ocrx_word' id='word_1_94' title='bbox 218 1375 277 1437; x_wconf 91' lang='grc' dir='ltr'><strong><em>τοῦ</em></strong></span> <span class='ocrx_word' id='word_1_95' title='bbox 297 1370 431 1436; x_wconf 80' lang='grc' dir='ltr'><strong><em>δείπνου</em></strong></span> <span class='ocrx_word' id='word_1_96' title='bbox 451 1365 618 1454; x_wconf 79' lang='grc' dir='ltr'><strong><em>ἀπολογία</em></strong></span> <span class='ocrx_word' id='word_1_97' title='bbox 635 1373 771 1454; x_wconf 86' lang='grc' dir='ltr'><strong><em>γένοιτο,</em></strong></span> <span class='ocrx_word' id='word_1_98' title='bbox 794 1365 839 1455; x_wconf 86' lang='grc' dir='ltr'><strong><em>μὴ</em></strong></span> <span class='ocrx_word' id='word_1_99' title='bbox 855 1370 978 1462; x_wconf 78' lang='grc' dir='ltr'><strong><em>λαβεῖν,</em></strong></span> <span class='ocrx_word' id='word_1_100' title='bbox 1001 1365 1046 1456; x_wconf 84' lang='grc' dir='ltr'><strong><em>μὴ</em></strong></span> <span class='ocrx_word' id='word_1_101' title='bbox 1068 1371 1124 1435; x_wconf 86' lang='grc' dir='ltr'><strong><em>καὶ</em></strong></span> <span class='ocrx_word' id='word_1_102' title='bbox 1147 1369 1208 1451; x_wconf 87' lang='grc' dir='ltr'><strong><em>δόξ</em></strong></span> <span class='ocrx_word' id='word_1_103' title='bbox 1236 1410 1253 1424; x_wconf 87' lang='grc'>-</span> 
     </span>
     <span class='ocr_line' id='line_1_13' title="bbox 219 1470 722 1559; baseline -0.004 -20"><span class='ocrx_word' id='word_1_104' title='bbox 219 1496 278 1555; x_wconf 90' lang='grc' dir='ltr'><strong><em>μεν</em></strong></span> <span class='ocrx_word' id='word_1_105' title='bbox 297 1470 354 1538; x_wconf 83' lang='grc' dir='ltr'><strong><em>ἐπὶ</em></strong></span> <span class='ocrx_word' id='word_1_106' title='bbox 371 1471 479 1557; x_wconf 82' lang='grc' dir='ltr'><strong><em>τούτῳ</em></strong></span> <span class='ocrx_word' id='word_1_107' title='bbox 498 1477 722 1559; x_wconf 84' lang='grc' dir='ltr'><strong><em>πεπομφέναι.</em></strong></span> 
     </span>
    </p>

    <p class='ocr_par' dir='ltr' id='par_1_4' title="bbox 169 1564 1360 2070">
     <span class='ocr_line' id='line_1_14' title="bbox 169 1564 1287 1661; baseline 0.003 -25"><span class='ocrx_word' id='word_1_108' title='bbox 169 1588 202 1637; x_wconf 83' lang='lat'><strong><em>28</em></strong></span> <span class='ocrx_word' id='word_1_109' title='bbox 275 1573 413 1654; x_wconf 82' lang='grc' dir='ltr'><strong><em>Τούτων,</em></strong></span> <span class='ocrx_word' id='word_1_110' title='bbox 435 1564 462 1638; x_wconf 86' lang='grc' dir='ltr'><strong><em>ῶ</em></strong></span> <span class='ocrx_word' id='word_1_111' title='bbox 482 1572 599 1661; x_wconf 78' lang='grc' dir='ltr'><strong><em>ἑταῖρε,</em></strong></span> <span class='ocrx_word' id='word_1_112' title='bbox 621 1571 948 1660; x_wconf 85' lang='grc' dir='ltr'><strong><em>ἀναγιγνωσκομένων</em></strong></span> <span class='ocrx_word' id='word_1_113' title='bbox 965 1572 1086 1657; x_wconf 79' lang='grc' dir='ltr'><strong><em>μεταξὺ</em></strong></span> <span class='ocrx_word' id='word_1_114' title='bbox 1103 1573 1254 1658; x_wconf 77' lang='grc' dir='ltr'><strong><em>λδρώςτό</em></strong></span> <span class='ocrx_word' id='word_1_115' title='bbox 1285 1632 1287 1639; x_wconf 30' lang='lat' dir='ltr'><em>s</em></span> 
     </span>
     <span class='ocr_line' id='line_1_15' title="bbox 218 1662 1250 1764; baseline 0.001 -21"><span class='ocrx_word' id='word_1_116' title='bbox 218 1700 278 1761; x_wconf 92' lang='grc' dir='ltr'><strong><em>μοι</em></strong></span> <span class='ocrx_word' id='word_1_117' title='bbox 300 1688 484 1764; x_wconf 88' lang='grc' dir='ltr'><strong><em>περιεχεῖτο</em></strong></span> <span class='ocrx_word' id='word_1_118' title='bbox 507 1672 562 1742; x_wconf 77' lang='grc' dir='ltr'><strong><em>ἀπ’</em></strong></span> <span class='ocrx_word' id='word_1_119' title='bbox 581 1675 707 1755; x_wconf 87' lang='grc' dir='ltr'><strong><em>αἰδοῦς,</em></strong></span> <span class='ocrx_word' id='word_1_120' title='bbox 735 1678 911 1743; x_wconf 79' lang='grc' dir='ltr'><strong><em>καὶτοῦτο</em></strong></span> <span class='ocrx_word' id='word_1_121' title='bbox 936 1662 974 1762; x_wconf 79' lang='grc' dir='ltr'><strong><em>δὴ</em></strong></span> <span class='ocrx_word' id='word_1_122' title='bbox 996 1674 1035 1743; x_wconf 84' lang='grc' dir='ltr'><strong><em>τὸ</em></strong></span> <span class='ocrx_word' id='word_1_123' title='bbox 1058 1683 1117 1744; x_wconf 89' lang='grc' dir='ltr'><strong><em>τοῦ</em></strong></span> <span class='ocrx_word' id='word_1_124' title='bbox 1140 1676 1250 1763; x_wconf 86' lang='grc' dir='ltr'><strong><em>λόγου,</em></strong></span> 
     </span>
     <span class='ocr_line' id='line_1_16' title="bbox 217 1774 1255 1866; baseline 0.002 -22"><span class='ocrx_word' id='word_1_125' title='bbox 217 1791 327 1861; x_wconf 87' lang='grc' dir='ltr'><strong><em>χανεῖν</em></strong></span> <span class='ocrx_word' id='word_1_126' title='bbox 344 1801 404 1862; x_wconf 91' lang='grc' dir='ltr'><strong><em>μοι</em></strong></span> <span class='ocrx_word' id='word_1_127' title='bbox 420 1776 477 1866; x_wconf 78' lang='grc' dir='ltr'><strong><em>τὴν</em></strong></span> <span class='ocrx_word' id='word_1_128' title='bbox 495 1784 553 1864; x_wconf 88' lang='grc' dir='ltr'><strong><em>γῆν</em></strong></span> <span class='ocrx_word' id='word_1_129' title='bbox 570 1774 715 1866; x_wconf 87' lang='grc' dir='ltr'><strong><em>ηύχόμην</em></strong></span> <span class='ocrx_word' id='word_1_130' title='bbox 738 1775 824 1863; x_wconf 81' lang='grc' dir='ltr'><strong><em>δρῶν</em></strong></span> <span class='ocrx_word' id='word_1_131' title='bbox 845 1776 922 1857; x_wconf 84' lang='grc' dir='ltr'><strong><em>τοὺς</em></strong></span> <span class='ocrx_word' id='word_1_132' title='bbox 943 1779 1112 1864; x_wconf 88' lang='grc' dir='ltr'><strong><em>παρόντας</em></strong></span> <span class='ocrx_word' id='word_1_133' title='bbox 1132 1782 1255 1866; x_wconf 86' lang='grc' dir='ltr'><strong><em>γελῶν-</em></strong></span> 
     </span>
     <span class='ocr_line' id='line_1_17' title="bbox 218 1876 1360 1969; baseline 0.001 -23"><span class='ocrx_word' id='word_1_134' title='bbox 218 1906 279 1959; x_wconf 90' lang='grc' dir='ltr'><strong><em>τας</em></strong></span> <span class='ocrx_word' id='word_1_135' title='bbox 292 1877 344 1968; x_wconf 74' lang='grc' dir='ltr'><strong><em>ἐφ’</em></strong></span> <span class='ocrx_word' id='word_1_136' title='bbox 357 1879 493 1968; x_wconf 78' lang='grc' dir='ltr'><strong><em>ἑκάστῳ,</em></strong></span> <span class='ocrx_word' id='word_1_137' title='bbox 513 1884 569 1948; x_wconf 86' lang='grc' dir='ltr'><strong><em>καὶ</em></strong></span> <span class='ocrx_word' id='word_1_138' title='bbox 581 1882 728 1966; x_wconf 87' lang='grc' dir='ltr'><strong><em>μάλιστα</em></strong></span> <span class='ocrx_word' id='word_1_139' title='bbox 744 1876 820 1947; x_wconf 83' lang='grc' dir='ltr'><strong><em>όσοι</em></strong></span> <span class='ocrx_word' id='word_1_140' title='bbox 833 1877 953 1969; x_wconf 80' lang='grc' dir='ltr'><strong><em>ᾔδεσαν</em></strong></span> <span class='ocrx_word' id='word_1_141' title='bbox 965 1880 1022 1949; x_wconf 87' lang='grc' dir='ltr'><strong><em>τὸν</em></strong></span> <span class='ocrx_word' id='word_1_142' title='bbox 1032 1879 1252 1965; x_wconf 79' lang='grc' dir='ltr'><strong><em>Ἑτοιμοκλέα,</em></strong></span> <span class='ocrx_word' id='word_1_143' title='bbox 1284 1891 1287 1895; x_wconf 79' lang='grc'><em>’</em></span> <span class='ocrx_word' id='word_1_144' title='bbox 1355 1916 1360 1923; x_wconf 86' lang='grc'><em>·</em></span> 
     </span>
     <span class='ocr_line' id='line_1_18' title="bbox 218 1979 1254 2070; baseline 0 -21"><span class='ocrx_word' id='word_1_145' title='bbox 218 1981 340 2049; x_wconf 87' lang='grc' dir='ltr'><strong><em>πολιὸν</em></strong></span> <span class='ocrx_word' id='word_1_146' title='bbox 357 1979 539 2070; x_wconf 84' lang='grc' dir='ltr'><strong><em>άνθρωπον</em></strong></span> <span class='ocrx_word' id='word_1_147' title='bbox 556 1986 613 2050; x_wconf 87' lang='grc' dir='ltr'><strong><em>καί</em></strong></span> <span class='ocrx_word' id='word_1_148' title='bbox 630 1982 746 2067; x_wconf 87' lang='grc' dir='ltr'><strong><em>σεμνὸν</em></strong></span> <span class='ocrx_word' id='word_1_149' title='bbox 764 1981 848 2050; x_wconf 82' lang='grc' dir='ltr'><strong><em>εἰναι</em></strong></span> <span class='ocrx_word' id='word_1_150' title='bbox 867 1985 1034 2051; x_wconf 89' lang='grc' dir='ltr'><strong><em>δοκοῦντα.</em></strong></span> <span class='ocrx_word' id='word_1_151' title='bbox 1062 1983 1254 2068; x_wconf 83' lang='grc' dir='ltr'><strong><em>ἐθαύμαζον</em></strong></span> 
     </span>
    </p>

    <p class='ocr_par' dir='ltr' id='par_1_5' title="bbox 184 2074 1255 2482">
     <span class='ocr_line' id='line_1_19' title="bbox 184 2074 1255 2173; baseline 0.003 -23"><span class='ocrx_word' id='word_1_152' title='bbox 184 2109 189 2114; x_wconf 86' lang='lat'><strong>·</strong></span> <span class='ocrx_word' id='word_1_153' title='bbox 221 2074 278 2151; x_wconf 81' lang='grc' dir='ltr'><strong><em>οῦν</em></strong></span> <span class='ocrx_word' id='word_1_154' title='bbox 297 2081 368 2164; x_wconf 80' lang='grc' dir='ltr'><strong><em>οἰός</em></strong></span> <span class='ocrx_word' id='word_1_155' title='bbox 383 2081 429 2152; x_wconf 85' lang='grc' dir='ltr'><strong><em>ῶν</em></strong></span> <span class='ocrx_word' id='word_1_156' title='bbox 447 2086 608 2153; x_wconf 87' lang='grc' dir='ltr'><strong><em>διαλάθοι</em></strong></span> <span class='ocrx_word' id='word_1_157' title='bbox 623 2084 752 2167; x_wconf 78' lang='grc' dir='ltr'><strong><em>αὐτούς,</em></strong></span> <span class='ocrx_word' id='word_1_158' title='bbox 769 2085 1042 2171; x_wconf 73' lang='grc' dir='ltr'><strong><em>ἐξαπατωμένους</em></strong></span> <span class='ocrx_word' id='word_1_159' title='bbox 1054 2092 1102 2172; x_wconf 76' lang='grc' dir='ltr'><strong><em>τῶ</em></strong></span> <span class='ocrx_word' id='word_1_160' title='bbox 1115 2087 1255 2173; x_wconf 82' lang='grc' dir='ltr'><strong><em>πώγωνι</em></strong></span> 
     </span>
     <span class='ocr_line' id='line_1_20' title="bbox 218 2184 1254 2277; baseline 0.002 -25"><span class='ocrx_word' id='word_1_161' title='bbox 218 2188 273 2253; x_wconf 83' lang='grc' dir='ltr'><strong><em>καὶ</em></strong></span> <span class='ocrx_word' id='word_1_162' title='bbox 291 2194 330 2276; x_wconf 80' lang='grc' dir='ltr'><strong><em>τῆ</em></strong></span> <span class='ocrx_word' id='word_1_163' title='bbox 349 2194 407 2255; x_wconf 91' lang='grc' dir='ltr'><strong><em>τοῦ</em></strong></span> <span class='ocrx_word' id='word_1_164' title='bbox 425 2189 611 2277; x_wconf 86' lang='grc' dir='ltr'><strong><em>προσώπου</em></strong></span> <span class='ocrx_word' id='word_1_165' title='bbox 631 2188 769 2257; x_wconf 83' lang='grc' dir='ltr'><strong><em>ἐντάσει.</em></strong></span> <span class='ocrx_word' id='word_1_166' title='bbox 807 2184 825 2255; x_wconf 96' lang='lat'><em>5</em></span> <span class='ocrx_word' id='word_1_167' title='bbox 843 2186 905 2277; x_wconf 84' lang='grc' dir='ltr'><strong><em>γὰρ</em></strong></span> <span class='ocrx_word' id='word_1_168' title='bbox 920 2185 1155 2277; x_wconf 64' lang='grc' dir='ltr'><strong><em>Ἀρισταίνετος</em></strong></span> <span class='ocrx_word' id='word_1_169' title='bbox 1176 2187 1254 2267; x_wconf 51' lang='grc' dir='ltr'><strong><em>ἐδάη</em></strong></span> 
     </span>
     <span class='ocr_line' id='line_1_21' title="bbox 219 2286 1255 2380; baseline 0 -24"><span class='ocrx_word' id='word_1_170' title='bbox 219 2314 270 2357; x_wconf 91' lang='grc' dir='ltr'><strong><em>κει</em></strong></span> <span class='ocrx_word' id='word_1_171' title='bbox 286 2315 346 2374; x_wconf 88' lang='grc' dir='ltr'><strong><em>μοι</em></strong></span> <span class='ocrx_word' id='word_1_172' title='bbox 364 2286 421 2357; x_wconf 86' lang='grc' dir='ltr'><strong><em>οῦκ</em></strong></span> <span class='ocrx_word' id='word_1_173' title='bbox 440 2288 577 2380; x_wconf 72' lang='grc' dir='ltr'><strong><em>ἀμελείᾳ</em></strong></span> <span class='ocrx_word' id='word_1_174' title='bbox 594 2293 755 2378; x_wconf 88' lang='grc' dir='ltr'><strong><em>περιιδεῖν</em></strong></span> <span class='ocrx_word' id='word_1_175' title='bbox 770 2288 878 2372; x_wconf 78' lang='grc' dir='ltr'><strong><em>αὐτὸν,</em></strong></span> <span class='ocrx_word' id='word_1_176' title='bbox 898 2287 966 2357; x_wconf 83' lang='grc' dir='ltr'><strong><em>ἀλλ’</em></strong></span> <span class='ocrx_word' id='word_1_177' title='bbox 979 2287 1092 2358; x_wconf 69' lang='grc' dir='ltr'><strong><em>οὔποτ’</em></strong></span> <span class='ocrx_word' id='word_1_178' title='bbox 1105 2288 1146 2358; x_wconf 85' lang='grc' dir='ltr'><strong><em>ἀν</em></strong></span> <span class='ocrx_word' id='word_1_179' title='bbox 1158 2289 1255 2359; x_wconf 77' lang='grc' dir='ltr'><strong><em>ἐλπί-</em></strong></span> 
     </span>
     <span class='ocr_line' id='line_1_22' title="bbox 220 2390 1254 2482; baseline 0.002 -24"><span class='ocrx_word' id='word_1_180' title='bbox 220 2416 281 2471; x_wconf 90' lang='grc' dir='ltr'><strong><em>σας</em></strong></span> <span class='ocrx_word' id='word_1_181' title='bbox 298 2394 462 2480; x_wconf 87' lang='grc' dir='ltr'><strong><em>κληθέντα</em></strong></span> <span class='ocrx_word' id='word_1_182' title='bbox 476 2393 655 2475; x_wconf 85' lang='grc' dir='ltr'><strong><em>ἐπινεῦσαι,</em></strong></span> <span class='ocrx_word' id='word_1_183' title='bbox 677 2391 747 2460; x_wconf 81' lang='grc' dir='ltr'><strong><em>οὐδ’</em></strong></span> <span class='ocrx_word' id='word_1_184' title='bbox 760 2390 799 2460; x_wconf 84' lang='grc' dir='ltr'><strong><em>ἀν</em></strong></span> <span class='ocrx_word' id='word_1_185' title='bbox 813 2392 1037 2482; x_wconf 78' lang='grc' dir='ltr'><strong><em>ἐμπαρασχεῖν</em></strong></span> <span class='ocrx_word' id='word_1_186' title='bbox 1052 2391 1168 2463; x_wconf 84' lang='grc' dir='ltr'><strong><em>ἐαυτὸν</em></strong></span> <span class='ocrx_word' id='word_1_187' title='bbox 1181 2417 1254 2460; x_wconf 80' lang='grc' dir='ltr'><strong><em>τοι·</em></strong></span> 
     </span>
    </p>

    <p class='ocr_par' dir='ltr' id='par_1_6' title="bbox 168 2491 1255 3611">
     <span class='ocr_line' id='line_1_23' title="bbox 168 2491 1254 2584; baseline 0.003 -25"><span class='ocrx_word' id='word_1_188' title='bbox 168 2510 201 2558; x_wconf 83' lang='lat'><strong><em>29</em></strong></span> <span class='ocrx_word' id='word_1_189' title='bbox 221 2494 308 2581; x_wconf 85' lang='grc' dir='ltr'><strong><em>ούτφ</em></strong></span> <span class='ocrx_word' id='word_1_190' title='bbox 326 2499 406 2561; x_wconf 88' lang='grc' dir='ltr'><strong><em>τινί·</em></strong></span> <span class='ocrx_word' id='word_1_191' title='bbox 430 2491 516 2562; x_wconf 75' lang='grc' dir='ltr'><strong><em>ὥστε</em></strong></span> <span class='ocrx_word' id='word_1_192' title='bbox 534 2491 685 2582; x_wconf 75' lang='grc' dir='ltr'><strong><em>εἰδέτην</em></strong></span> <span class='ocrx_word' id='word_1_193' title='bbox 704 2494 803 2584; x_wconf 81' lang='grc' dir='ltr'><strong><em>ἀρχὴν</em></strong></span> <span class='ocrx_word' id='word_1_194' title='bbox 825 2503 1014 2584; x_wconf 85' lang='grc' dir='ltr'><strong><em>πειρᾶσθαι</em></strong></span> <span class='ocrx_word' id='word_1_195' title='bbox 1030 2492 1134 2583; x_wconf 86' lang='grc' dir='ltr'><strong><em>ἠξίου.</em></strong></span> <span class='ocrx_word' id='word_1_196' title='bbox 1176 2493 1254 2562; x_wconf 76' lang='grc' dir='ltr'><strong><em>ἐπεὶ</em></strong></span> 
     </span>
     <span class='ocr_line' id='line_1_24' title="bbox 220 2586 1254 2685; baseline 0.001 -22"><span class='ocrx_word' id='word_1_197' title='bbox 220 2593 252 2663; x_wconf 79' lang='grc' dir='ltr'><strong><em>δ’</em></strong></span> <span class='ocrx_word' id='word_1_198' title='bbox 261 2586 317 2663; x_wconf 78' lang='grc' dir='ltr'><strong><em>οὖν</em></strong></span> <span class='ocrx_word' id='word_1_199' title='bbox 327 2586 497 2664; x_wconf 82' lang='grc' dir='ltr'><strong><em>ἐπαύσατό</em></strong></span> <span class='ocrx_word' id='word_1_200' title='bbox 507 2622 590 2664; x_wconf 91' lang='grc' dir='ltr'><strong><em>ποτε</em></strong></span> <span class='ocrx_word' id='word_1_201' title='bbox 601 2595 618 2664; x_wconf 91' lang='lat'><em>5</em></span> <span class='ocrx_word' id='word_1_202' title='bbox 629 2598 755 2685; x_wconf 83' lang='grc' dir='ltr'><strong><em>οἰκέτης</em></strong></span> <span class='ocrx_word' id='word_1_203' title='bbox 769 2594 1027 2684; x_wconf 88' lang='grc' dir='ltr'><strong><em>ἀναγιγνώσκων,</em></strong></span> <span class='ocrx_word' id='word_1_204' title='bbox 1043 2595 1083 2664; x_wconf 88' lang='grc' dir='ltr'><strong><em>τὸ</em></strong></span> <span class='ocrx_word' id='word_1_205' title='bbox 1096 2598 1155 2682; x_wconf 80' lang='grc' dir='ltr'><strong><em>μὲν</em></strong></span> <span class='ocrx_word' id='word_1_206' title='bbox 1169 2621 1254 2681; x_wconf 88' lang='grc' dir='ltr'><strong><em>συμ-</em></strong></span> 
     </span>
     <span class='ocr_line' id='line_1_25' title="bbox 219 2696 1254 2789; baseline 0 -23"><span class='ocrx_word' id='word_1_207' title='bbox 219 2700 341 2766; x_wconf 90' lang='grc' dir='ltr'><strong><em>πόσιον</em></strong></span> <span class='ocrx_word' id='word_1_208' title='bbox 360 2696 450 2766; x_wconf 85' lang='grc' dir='ltr'><strong><em>ἀπαν</em></strong></span> <span class='ocrx_word' id='word_1_209' title='bbox 469 2698 503 2778; x_wconf 82' lang='grc' dir='ltr'><strong><em>ἐς</em></strong></span> <span class='ocrx_word' id='word_1_210' title='bbox 519 2699 596 2779; x_wconf 80' lang='grc' dir='ltr'><strong><em>τοὺς</em></strong></span> <span class='ocrx_word' id='word_1_211' title='bbox 614 2698 704 2789; x_wconf 88' lang='grc' dir='ltr'><strong><em>ἀμφὶ</em></strong></span> <span class='ocrx_word' id='word_1_212' title='bbox 720 2698 777 2768; x_wconf 90' lang='grc' dir='ltr'><strong><em>τὸν</em></strong></span> <span class='ocrx_word' id='word_1_213' title='bbox 790 2700 925 2788; x_wconf 83' lang='grc' dir='ltr'><strong><em>Ζήνωνα</em></strong></span> <span class='ocrx_word' id='word_1_214' title='bbox 942 2703 998 2766; x_wconf 90' lang='grc' dir='ltr'><strong><em>καὶ</em></strong></span> <span class='ocrx_word' id='word_1_215' title='bbox 1011 2702 1152 2788; x_wconf 84' lang='grc' dir='ltr'><strong><em>Δίφιλον</em></strong></span> <span class='ocrx_word' id='word_1_216' title='bbox 1166 2696 1254 2766; x_wconf 80' lang='grc' dir='ltr'><strong><em>ἀπέ-</em></strong></span> 
     </span>
     <span class='ocr_line' id='line_1_26' title="bbox 219 2799 1254 2891; baseline 0.004 -24"><span class='ocrx_word' id='word_1_217' title='bbox 219 2803 322 2885; x_wconf 86' lang='grc' dir='ltr'><strong><em>βλεπε</em></strong></span> <span class='ocrx_word' id='word_1_218' title='bbox 337 2802 527 2882; x_wconf 87' lang='grc' dir='ltr'><strong><em>δεδοικότας</em></strong></span> <span class='ocrx_word' id='word_1_219' title='bbox 539 2806 594 2871; x_wconf 81' lang='grc' dir='ltr'><strong><em>καὶ</em></strong></span> <span class='ocrx_word' id='word_1_220' title='bbox 609 2800 796 2890; x_wconf 79' lang='grc' dir='ltr'><strong><em>ὠχριῶντας</em></strong></span> <span class='ocrx_word' id='word_1_221' title='bbox 807 2806 861 2869; x_wconf 83' lang='grc' dir='ltr'><strong><em>καὶ</em></strong></span> <span class='ocrx_word' id='word_1_222' title='bbox 875 2809 914 2891; x_wconf 80' lang='grc' dir='ltr'><strong><em>τῇ</em></strong></span> <span class='ocrx_word' id='word_1_223' title='bbox 929 2799 1056 2891; x_wconf 77' lang='grc' dir='ltr'><strong><em>ἀπορίᾳ</em></strong></span> <span class='ocrx_word' id='word_1_224' title='bbox 1069 2808 1135 2869; x_wconf 90' lang='grc' dir='ltr'><strong><em>τῶν</em></strong></span> <span class='ocrx_word' id='word_1_225' title='bbox 1144 2826 1254 2889; x_wconf 84' lang='grc' dir='ltr'><strong><em>προσ-</em></strong></span> 
     </span>
     <span class='ocr_line' id='line_1_27' title="bbox 221 2902 1255 2992; baseline 0.005 -25"><span class='ocrx_word' id='word_1_226' title='bbox 221 2903 323 2969; x_wconf 89' lang='grc' dir='ltr'><strong><em>ῶπων</em></strong></span> <span class='ocrx_word' id='word_1_227' title='bbox 333 2902 602 2991; x_wconf 82' lang='grc' dir='ltr'><strong><em>ἐπαληθεύοντας</em></strong></span> <span class='ocrx_word' id='word_1_228' title='bbox 610 2905 652 2974; x_wconf 83' lang='grc' dir='ltr'><strong><em>τὰ</em></strong></span> <span class='ocrx_word' id='word_1_229' title='bbox 665 2903 735 2972; x_wconf 83' lang='grc' dir='ltr'><strong><em>ῦπδ</em></strong></span> <span class='ocrx_word' id='word_1_230' title='bbox 746 2912 806 2972; x_wconf 90' lang='grc' dir='ltr'><strong><em>τοῦ</em></strong></span> <span class='ocrx_word' id='word_1_231' title='bbox 817 2902 1060 2989; x_wconf 83' lang='grc' dir='ltr'><strong><em>Ἑτοιμοκλέους</em></strong></span> <span class='ocrx_word' id='word_1_232' title='bbox 1073 2929 1255 2992; x_wconf 86' lang='grc' dir='ltr'><strong><em>κατηγορη-</em></strong></span> 
     </span>
     <span class='ocr_line' id='line_1_28' title="bbox 219 3002 1255 3095; baseline 0.005 -26"><span class='ocrx_word' id='word_1_233' title='bbox 219 3008 338 3077; x_wconf 78' lang='grc' dir='ltr'><strong><em>θέντα·</em></strong></span> <span class='ocrx_word' id='word_1_234' title='bbox 358 3002 375 3070; x_wconf 91' lang='lat'><em>5</em></span> <span class='ocrx_word' id='word_1_235' title='bbox 387 3002 622 3092; x_wconf 57' lang='grc' dir='ltr'><strong><em>Ἀρισταίνετος</em></strong></span> <span class='ocrx_word' id='word_1_236' title='bbox 636 3009 671 3075; x_wconf 81' lang='grc' dir='ltr'><strong><em>δὲ</em></strong></span> <span class='ocrx_word' id='word_1_237' title='bbox 685 3007 878 3094; x_wconf 77' lang='grc' dir='ltr'><strong><em>ἐτετάρακτο</em></strong></span> <span class='ocrx_word' id='word_1_238' title='bbox 890 3009 948 3074; x_wconf 84' lang='grc' dir='ltr'><strong><em>καί</em></strong></span> <span class='ocrx_word' id='word_1_239' title='bbox 964 3009 1112 3095; x_wconf 79' lang='grc' dir='ltr'><strong><em>θορύβου</em></strong></span> <span class='ocrx_word' id='word_1_240' title='bbox 1131 3005 1255 3091; x_wconf 87' lang='grc' dir='ltr'><strong><em>μεστὸς</em></strong></span> 
     </span>
     <span class='ocr_line' id='line_1_29' title="bbox 218 3096 1253 3198; baseline 0.006 -28"><span class='ocrx_word' id='word_1_241' title='bbox 218 3096 266 3192; x_wconf 87' lang='grc' dir='ltr'><strong><em>ῆν,</em></strong></span> <span class='ocrx_word' id='word_1_242' title='bbox 292 3104 415 3173; x_wconf 87' lang='grc' dir='ltr'><strong><em>ἐκέλευε</em></strong></span> <span class='ocrx_word' id='word_1_243' title='bbox 434 3105 465 3174; x_wconf 78' lang='grc' dir='ltr'><strong><em>δ’</em></strong></span> <span class='ocrx_word' id='word_1_244' title='bbox 482 3103 573 3194; x_wconf 76' lang='grc' dir='ltr'><strong><em>ὅμως</em></strong></span> <span class='ocrx_word' id='word_1_245' title='bbox 590 3116 697 3178; x_wconf 85' lang='grc' dir='ltr'><strong><em>πίνειν</em></strong></span> <span class='ocrx_word' id='word_1_246' title='bbox 707 3098 818 3197; x_wconf 58' lang='grc' dir='ltr'><strong><em>’ἡμᾶς</em></strong></span> <span class='ocrx_word' id='word_1_247' title='bbox 837 3113 894 3175; x_wconf 82' lang='grc' dir='ltr'><strong><em>καὶ</em></strong></span> <span class='ocrx_word' id='word_1_248' title='bbox 912 3109 1067 3198; x_wconf 80' lang='grc' dir='ltr'><strong><em>ἐπειρᾶτο</em></strong></span> <span class='ocrx_word' id='word_1_249' title='bbox 1086 3099 1123 3175; x_wconf 77' lang='grc' dir='ltr'><strong><em>εὖ</em></strong></span> <span class='ocrx_word' id='word_1_250' title='bbox 1142 3110 1253 3176; x_wconf 90' lang='grc' dir='ltr'><strong><em>διατί-</em></strong></span> 
     </span>
     <span class='ocr_line' id='line_1_30' title="bbox 219 3207 1254 3299; baseline 0.005 -26"><span class='ocrx_word' id='word_1_251' title='bbox 219 3213 351 3275; x_wconf 82' lang='grc' dir='ltr'><strong><em>θεσθαι</em></strong></span> <span class='ocrx_word' id='word_1_252' title='bbox 368 3210 406 3277; x_wconf 88' lang='grc' dir='ltr'><strong><em>τὸ</em></strong></span> <span class='ocrx_word' id='word_1_253' title='bbox 424 3208 556 3297; x_wconf 84' lang='grc' dir='ltr'><strong><em>γεγονός</em></strong></span> <span class='ocrx_word' id='word_1_254' title='bbox 573 3209 779 3297; x_wconf 78' lang='grc' dir='ltr'><strong><em>ὑπομειδιῶν</em></strong></span> <span class='ocrx_word' id='word_1_255' title='bbox 793 3207 862 3297; x_wconf 84' lang='grc' dir='ltr'><strong><em>άμα</em></strong></span> <span class='ocrx_word' id='word_1_256' title='bbox 874 3209 1004 3279; x_wconf 81' lang='grc' dir='ltr'><strong><em>καὶτὸν</em></strong></span> <span class='ocrx_word' id='word_1_257' title='bbox 1023 3212 1150 3299; x_wconf 85' lang='grc' dir='ltr'><strong><em>οἰκέτην</em></strong></span> <span class='ocrx_word' id='word_1_258' title='bbox 1168 3209 1254 3280; x_wconf 88' lang='grc' dir='ltr'><strong><em>ἀπέ-</em></strong></span> 
     </span>
     <span class='ocr_line' id='line_1_31' title="bbox 219 3308 1254 3403; baseline 0.006 -26"><span class='ocrx_word' id='word_1_259' title='bbox 219 3324 353 3398; x_wconf 74' lang='grc' dir='ltr'><strong><em>πεμψεν</em></strong></span> <span class='ocrx_word' id='word_1_260' title='bbox 372 3311 476 3379; x_wconf 82' lang='grc' dir='ltr'><strong><em>εἰπών</em></strong></span> <span class='ocrx_word' id='word_1_261' title='bbox 495 3308 548 3380; x_wconf 78' lang='grc' dir='ltr'><strong><em>ὅτι</em></strong></span> <span class='ocrx_word' id='word_1_262' title='bbox 570 3313 804 3403; x_wconf 73' lang='grc' dir='ltr'><strong><em>ἐπιμελήσεται</em></strong></span> <span class='ocrx_word' id='word_1_263' title='bbox 824 3315 960 3383; x_wconf 91' lang='grc' dir='ltr'><strong><em>τούτων.</em></strong></span> <span class='ocrx_word' id='word_1_264' title='bbox 995 3311 1064 3399; x_wconf 77' lang='grc' dir='ltr'><strong><em>μετ’</em></strong></span> <span class='ocrx_word' id='word_1_265' title='bbox 1082 3312 1192 3402; x_wconf 84' lang='grc' dir='ltr'><strong><em>ὀλίγον</em></strong></span> <span class='ocrx_word' id='word_1_266' title='bbox 1215 3315 1254 3383; x_wconf 76' lang='grc' dir='ltr'><strong><em>δί</em></strong></span> 
     </span>
     <span class='ocr_line' id='line_1_32' title="bbox 218 3409 1254 3506; baseline 0.006 -27"><span class='ocrx_word' id='word_1_267' title='bbox 218 3417 275 3480; x_wconf 82' lang='grc' dir='ltr'><strong><em>καὶ</em></strong></span> <span class='ocrx_word' id='word_1_268' title='bbox 293 3409 311 3479; x_wconf 93' lang='lat'><em>5</em></span> <span class='ocrx_word' id='word_1_269' title='bbox 330 3415 441 3501; x_wconf 85' lang='grc' dir='ltr'><strong><em>Ζήνων</em></strong></span> <span class='ocrx_word' id='word_1_270' title='bbox 462 3414 663 3505; x_wconf 78' lang='grc' dir='ltr'><strong><em>ὑπεξανέστη</em></strong></span> <span class='ocrx_word' id='word_1_271' title='bbox 686 3414 836 3506; x_wconf 79' lang='grc' dir='ltr'><strong><em>ἀφανῶς,</em></strong></span> <span class='ocrx_word' id='word_1_272' title='bbox 859 3424 919 3485; x_wconf 90' lang='grc' dir='ltr'><strong><em>τοῦ</em></strong></span> <span class='ocrx_word' id='word_1_273' title='bbox 941 3419 1157 3505; x_wconf 81' lang='grc' dir='ltr'><strong><em>παιδαγωγοῦ</em></strong></span> <span class='ocrx_word' id='word_1_274' title='bbox 1178 3415 1254 3485; x_wconf 81' lang='grc' dir='ltr'><strong><em>νεύ-</em></strong></span> 
     </span>
     <span class='ocr_line' id='line_1_33' title="bbox 220 3514 1159 3611; baseline 0.005 -28"><span class='ocrx_word' id='word_1_275' title='bbox 220 3540 338 3595; x_wconf 92' lang='grc' dir='ltr'><strong><em>σαντος</em></strong></span> <span class='ocrx_word' id='word_1_276' title='bbox 356 3514 633 3587; x_wconf 88' lang='grc' dir='ltr'><strong><em>ἀπαλλάττεσθαι</em></strong></span> <span class='ocrx_word' id='word_1_277' title='bbox 652 3517 697 3599; x_wconf 84' lang='grc' dir='ltr'><strong><em>ῶς</em></strong></span> <span class='ocrx_word' id='word_1_278' title='bbox 714 3522 927 3601; x_wconf 83' lang='grc' dir='ltr'><strong><em>κελεύσαντος</em></strong></span> <span class='ocrx_word' id='word_1_279' title='bbox 943 3527 1002 3588; x_wconf 89' lang='grc' dir='ltr'><strong><em>τοῦ</em></strong></span> <span class='ocrx_word' id='word_1_280' title='bbox 1015 3521 1159 3611; x_wconf 77' lang='grc' dir='ltr'><strong><em>πατρός.</em></strong></span> 
     </span>
    </p>

    <p class='ocr_par' dir='ltr' id='par_1_7' title="bbox 169 3574 1307 4125">
     <span class='ocr_line' id='line_1_34' title="bbox 169 3574 1307 3715; baseline 0.007 -32"><span class='ocrx_word' id='word_1_281' title='bbox 169 3634 203 3684; x_wconf 80' lang='lat'><strong><em>30</em></strong></span> <span class='ocrx_word' id='word_1_282' title='bbox 268 3616 508 3707; x_wconf 80' lang='grc' dir='ltr'><strong><em>ὉΚλεόδημος</em></strong></span> <span class='ocrx_word' id='word_1_283' title='bbox 536 3624 573 3690; x_wconf 81' lang='grc' dir='ltr'><strong><em>δὲ</em></strong></span> <span class='ocrx_word' id='word_1_284' title='bbox 597 3626 652 3690; x_wconf 86' lang='grc' dir='ltr'><strong><em>καὶ</em></strong></span> <span class='ocrx_word' id='word_1_285' title='bbox 673 3574 783 3690; x_wconf 76' lang='grc' dir='ltr'><strong><em>πάλαι</em></strong></span> <span class='ocrx_word' id='word_1_286' title='bbox 807 3622 896 3703; x_wconf 85' lang='grc' dir='ltr'><strong><em>τινὸς</em></strong></span> <span class='ocrx_word' id='word_1_287' title='bbox 918 3622 1071 3715; x_wconf 79' lang='grc' dir='ltr'><strong><em>ἀφορμῆς</em></strong></span> <span class='ocrx_word' id='word_1_288' title='bbox 1097 3620 1253 3709; x_wconf 85' lang='grc' dir='ltr'><strong><em>δεόμενος</em></strong></span> <span class='ocrx_word' id='word_1_289' title='bbox 1290 3625 1307 3643; x_wconf 84' lang='lat'><strong><em>‘</em></strong></span> 
     </span>
     <span class='ocr_line' id='line_1_35' title="bbox 219 3720 1253 3816; baseline 0.004 -27"><span class='ocrx_word' id='word_1_290' title='bbox 219 3758 261 3769; x_wconf 86' lang='lat'>—</span> <span class='ocrx_word' id='word_1_291' title='bbox 284 3720 436 3807; x_wconf 79' lang='grc' dir='ltr'><strong><em>ἐβούλετο</em></strong></span> <span class='ocrx_word' id='word_1_292' title='bbox 457 3724 519 3814; x_wconf 82' lang='grc' dir='ltr'><strong><em>γὰρ</em></strong></span> <span class='ocrx_word' id='word_1_293' title='bbox 548 3729 779 3816; x_wconf 83' lang='grc' dir='ltr'><strong><em>συμπλακῆναι</em></strong></span> <span class='ocrx_word' id='word_1_294' title='bbox 803 3740 875 3806; x_wconf 89' lang='grc' dir='ltr'><strong><em>τοῖς</em></strong></span> <span class='ocrx_word' id='word_1_295' title='bbox 895 3740 1056 3806; x_wconf 85' lang='grc' dir='ltr'><strong><em>Στωϊκοῖς</em></strong></span> <span class='ocrx_word' id='word_1_296' title='bbox 1081 3729 1137 3794; x_wconf 85' lang='grc' dir='ltr'><strong><em>καλ</em></strong></span> <span class='ocrx_word' id='word_1_297' title='bbox 1163 3727 1253 3816; x_wconf 84' lang='grc' dir='ltr'><strong><em>διερ-</em></strong></span> 
     </span>
     <span class='ocr_line' id='line_1_36' title="bbox 219 3821 1251 3918; baseline 0.006 -28"><span class='ocrx_word' id='word_1_298' title='bbox 219 3823 356 3911; x_wconf 82' lang='grc' dir='ltr'><strong><em>ρήγνυτο</em></strong></span> <span class='ocrx_word' id='word_1_299' title='bbox 375 3825 433 3895; x_wconf 87' lang='grc' dir='ltr'><strong><em>οῦκ</em></strong></span> <span class='ocrx_word' id='word_1_300' title='bbox 447 3826 527 3911; x_wconf 79' lang='grc' dir='ltr'><strong><em>έχων</em></strong></span> <span class='ocrx_word' id='word_1_301' title='bbox 539 3825 640 3918; x_wconf 79' lang='grc' dir='ltr'><strong><em>ἀρχὴν</em></strong></span> <span class='ocrx_word' id='word_1_302' title='bbox 654 3828 786 3917; x_wconf 87' lang='grc' dir='ltr'><strong><em>εύλογον</em></strong></span> <span class='ocrx_word' id='word_1_303' title='bbox 805 3871 848 3882; x_wconf 89' lang='grc'>-</span> <span class='ocrx_word' id='word_1_304' title='bbox 864 3831 940 3898; x_wconf 86' lang='grc' dir='ltr'><strong><em>τότε</em></strong></span> <span class='ocrx_word' id='word_1_305' title='bbox 955 3821 1063 3898; x_wconf 76' lang='grc' dir='ltr'><strong><em>οὖντὸ</em></strong></span> <span class='ocrx_word' id='word_1_306' title='bbox 1078 3829 1251 3913; x_wconf 73' lang='grc' dir='ltr'><strong><em>ἐνδόσιμα</em></strong></span> 
     </span>
     <span class='ocr_line' id='line_1_37' title="bbox 219 3929 1251 4022; baseline 0.005 -28"><span class='ocrx_word' id='word_1_307' title='bbox 219 3930 454 4017; x_wconf 82' lang='grc' dir='ltr'><strong><em>παρασχούσης</em></strong></span> <span class='ocrx_word' id='word_1_308' title='bbox 462 3938 519 4019; x_wconf 86' lang='grc' dir='ltr'><strong><em>τῆς</em></strong></span> <span class='ocrx_word' id='word_1_309' title='bbox 529 3929 712 4021; x_wconf 77' lang='grc' dir='ltr'><strong><em>ἐπιστολῆς,</em></strong></span> <span class='ocrx_word' id='word_1_310' title='bbox 726 3930 918 4015; x_wconf 48' lang='grc' dir='ltr'><strong><em>((τοιαῦταξ3</em></strong></span> <span class='ocrx_word' id='word_1_311' title='bbox 933 3933 1008 4022; x_wconf 81' lang='grc' dir='ltr'><strong><em>ἐφη,</em></strong></span> <span class='ocrx_word' id='word_1_312' title='bbox 1020 3930 1251 4021; x_wconf 82' lang='grc' dir='ltr'><strong><em>“ἐξεργάζεται</em></strong></span> 
     </span>
     <span class='ocr_line' id='line_1_38' title="bbox 219 4020 1251 4125; baseline 0.012 -34"><span class='ocrx_word' id='word_1_313' title='bbox 219 4020 238 4091; x_wconf 89' lang='lat'><em>5</em></span> <span class='ocrx_word' id='word_1_314' title='bbox 256 4027 355 4108; x_wconf 87' lang='grc' dir='ltr'><strong><em>καλὸς</em></strong></span> <span class='ocrx_word' id='word_1_315' title='bbox 371 4033 572 4121; x_wconf 86' lang='grc' dir='ltr'><strong><em>Χρύσιππος</em></strong></span> <span class='ocrx_word' id='word_1_316' title='bbox 589 4039 645 4103; x_wconf 82' lang='grc' dir='ltr'><strong><em>καλ</em></strong></span> <span class='ocrx_word' id='word_1_317' title='bbox 662 4037 773 4125; x_wconf 83' lang='grc' dir='ltr'><strong><em>Ζῆνων</em></strong></span> <span class='ocrx_word' id='word_1_318' title='bbox 797 4035 816 4106; x_wconf 89' lang='lat'><em>5</em></span> <span class='ocrx_word' id='word_1_319' title='bbox 833 4024 1034 4124; x_wconf 74' lang='grc' dir='ltr'><strong><em>θαυμαστός</em></strong></span> <span class='ocrx_word' id='word_1_320' title='bbox 1053 4039 1109 4115; x_wconf 80' lang='grc' dir='ltr'><strong><em>καὶ</em></strong></span> <span class='ocrx_word' id='word_1_321' title='bbox 1126 4033 1251 4104; x_wconf 55' lang='grc' dir='ltr'><strong><em>Κλεάνψ</em></strong></span> 
     </span>
    </p>
   </div>
   <div class='ocr_carea' id='block_1_3' title="bbox 0 0 1400 4580">
    <p class='ocr_par' dir='ltr' id='par_1_8' title="bbox 0 0 1400 4580">
     <span class='ocr_line' id='line_1_39' title="bbox 0 0 1400 4580; baseline 0 0"><span class='ocrx_word' id='word_1_322' title='bbox 0 0 1400 4580; x_wconf 95' lang='lat' dir='ltr'><strong><em> </em></strong></span> 
     </span>
    </p>
   </div>
  </div>
 </body>
</html>
