2782 4574
217 219 283 289 180
603 226 859 283 ΔΟΥΚΙΑΝΟΥ

215 331 599 422 ήγυνωικὸς’,λάβωνται
620 334 719 418 καλῆς
744 326 766 417 ἢ
793 329 970 409 ἐλπίσωσι,
998 335 1131 405 σιωπᾶν
1156 326 1252 413 ἀξιον

216 435 274 504 οἶα
292 442 457 504 ποιοῦσιν.
484 433 566 501 ένιοι
585 434 621 500 δὲ
638 436 694 500 καὶ
710 434 809 513 ξένων
826 439 892 498 τῶν
911 436 1080 521 σφετέρων
1095 446 1252 520 γυναῖκας

214 535 388 625 ἀπάγουσι
404 537 634 621 μοιχεύσοντες
650 533 734 601 κατὰ
751 532 809 601 τὸν
823 529 920 627 Ἰλιέα
938 533 1058 602 ἐκεῖνον
1071 542 1248 618 νεανίσκον,

216 637 264 718 ῶς
282 642 501 729 φιλοσοφοῖεν
519 636 558 727 δή
577 640 633 704 καὶ
651 634 760 705 αύταί.
797 633 870 704 εἶτα
888 635 1000 715 κοινὰς
1018 635 1122 717 αύτδις
1140 633 1252 707 ἅπασι

215 753 288 820 τοῖς
314 748 449 810 συνοῦσι
479 746 685 826 προθέμενοι
710 739 888 818 Πλάτωνός
918 765 953 806 τι
983 738 1091 826 δόγμα
1122 741 1251 808 σἰὀνται

139 843 146 852 “
216 856 342 925 ποιεῖν,
371 842 430 910 ούκ
452 843 579 922 εἰδότες
603 838 697 921 ὅπως
723 838 742 909 δ
771 839 858 931 ἱερὸς
880 839 1001 920 ἐκεῖνος
1022 838 1115 929 ἠξίου
1138 842 1252 924 κοινάς

166 967 198 1016 19
216 943 376 1034 ἡγεῖσθαι
396 944 456 1025 τὰς
478 955 640 1034 γυναῖκας.
686 945 708 1010 ἃ
730 944 789 1028 μὲν
811 942 873 1032 γὰρ
897 942 930 1011 έν
952 956 1023 1023 τοῖς
1045 944 1252 1029 συμποσίοις

163 1104 175 1126 .,
218 1050 323 1138 δρῶσι
350 1051 405 1115 καὶ
432 1046 454 1115 ἃ
479 1046 717 1133 μεθύσκονται,
745 1045 869 1134 μακρὸν
896 1043 936 1113 ἀν
963 1047 1012 1134 εἴη
1040 1049 1153 1133 λέγειν.
1193 1050 1252 1114 καὶ

215 1156 320 1219 ταῦτα
337 1156 476 1219 ποιοῦσι
493 1156 567 1230 πῶς
585 1151 649 1218 σἰἐι
670 1155 922 1238 κατηγοροῦντες
944 1146 1041 1216 αὐτοὶ
1062 1153 1171 1236 μέθης
1192 1152 1250 1216 καὶ

216 1258 369 1337 μοιχείας
381 1254 438 1319 καὶ
455 1255 604 1339 λαγνείας
621 1255 676 1319 καὶ
690 1254 908 1341 φιλαργυρίας
912 1281 923 1335 ,·
943 1248 1037 1318 οὐδέν
1050 1248 1077 1337 γ’
1090 1248 1129 1318 ἀν
1144 1246 1252 1332 οὕτως

188 1394 191 1401 =
216 1349 326 1444 εύροις
345 1351 384 1422 ἀν
404 1350 483 1422 ἀλλο
501 1351 590 1442 ἀλλφ
610 1353 753 1437 ἐναντίον
772 1350 818 1433 ῶς
835 1352 913 1436 τοὺς
932 1357 1050 1441 λόγους
1068 1350 1177 1421 αὐτῶν
1193 1346 1252 1421 καὶ

201 1454 259 1524 -τδι
277 1456 368 1545 ἔργα·
388 1455 459 1525 οἷον
471 1460 641 1525 κολακείαν
653 1466 762 1541 μισεῖν
781 1481 876 1545 φασι,
896 1459 1066 1535 κολακείας
1085 1455 1175 1523 ἕνεκα
1192 1454 1251 1523 τὸν

137 1550 146 1561 ’
216 1561 432 1646 Γναθωνίδην
455 1557 475 1645 ή
497 1558 555 1632 τὸν
577 1564 766 1644 Στρουθίαν
788 1554 1042 1644 ὑπερβαλέσθαι
1064 1559 1250 1643 δυνάμενοι.

217 1658 394 1748 ἀληθεύειν
411 1654 489 1738 τοὺς
507 1657 626 1738 ἀλλους
643 1666 886 1749 προτρέποντες
898 1657 962 1726 ὀἀκ
976 1657 1015 1728 ἀν
1029 1656 1106 1727 ούδὲ
1119 1658 1252 1748 κινῆσαι

216 1760 275 1851 τήν
292 1765 439 1848 γλῶτταν
452 1760 496 1849 μὴ
511 1760 594 1846 μετὰ
607 1768 666 1828 τοῦ
679 1765 734 1828 καὶ
747 1749 1122 1848 ψεύσασθαιδύναιντο.
1149 1760 1251 1851 ἡδονή

217 1870 321 1930 πᾶσιν
340 1860 459 1949 ἐχθρὸν
476 1870 523 1949 τῷ
541 1864 628 1952 λόγφ
646 1867 702 1931 καὶ
720 1861 738 1931 ὃ
753 1861 947 1953 Ἐπίκουρος
964 1868 1138 1949 πολέμιος,
1164 1863 1249 1953 έργφ

218 1966 254 2032 δὲ
276 1964 333 2032 διὰ
354 1967 474 2053 ταύτην
496 1961 628 2033 ἅπαντα
654 1968 849 2057 πράττουσι.
894 1964 932 2033 τὸ
961 1963 992 2032 δ’
1014 1963 1167 2049 ὀξύχολον
1194 1971 1252 2036 καλ
1300 1964 1306 1991 ¹

203 2074 401 2157 ,μικραίτιον
419 2071 474 2135 καὶ
492 2065 692 2158 πρὸς-ὀργήν
711 2070 826 2160 ῥᾴδιον
842 2065 927 2157 ὑπὲρ
945 2067 987 2135 τδι
1006 2070 1190 2157 βρεφύλλια
1207 2068 1252 2137 τὰ

216 2170 340 2257 νεογνά.
376 2174 501 2257 γέλωτα
522 2178 599 2258 γοῦν
624 2168 660 2237 ού
682 2169 798 2260 μικρὸν
819 2176 1003 2259 παρέχουσι
1024 2185 1095 2250 τοῖς
1117 2178 1252 2257 θεωμέ-

155 2362 160 2367 ,
215 2297 294 2352 νοις,
315 2269 442 2341 ὁπόταν
459 2271 527 2341 ύπδ
546 2280 604 2361 τής
616 2274 776 2360 τυχούσης
791 2273 900 2352 αἰτίας
914 2271 1047 2362 ἐπιζέσῃ
1062 2274 1120 2357 μὲν
1135 2272 1251 2354 αὐτοῖς

214 2371 234 2461 ή
250 2372 346 2461 χολὴ,
371 2376 521 2442 πελιδνοὶ
540 2376 575 2441 δὲ
592 2373 650 2462 τὴν
666 2376 771 2463 χρόαν
784 2379 981 2460 βλέπωνται,
1003 2375 1121 2460 ἰταμόν
1143 2403 1177 2443 τι
1194 2380 1252 2444 καὶ

216 2477 416 2565 παράφορον
436 2477 626 2564 δεδορκότες
643 2479 699 2543 καὶ
716 2474 825 2566 ἀφροῦ
830 2529 839 2559 ,
862 2477 987 2561 μᾶλλον
1006 2477 1111 2545 δὲίοῦ
1129 2477 1251 2562 μεστόν

159 2600 206 2648 εο-
217 2575 330 2657 αὖτοῖς
347 2570 368 2667 ᾗ
385 2576 423 2646 τὸ
443 2578 561 2661 στόμα.
596 2576 641 2664 μή
663 2578 702 2645 σύ
721 2605 757 2664 γε
774 2585 867 2646 κεῖθι
883 2580 1003 2662 τύχοις,
1024 2575 1079 2647 δ’τε
1095 2577 1253 2670 όμιαρδς

218 2681 339 2761 ἐκεῖνος
357 2680 498 2765 ἐκχεῖται
510 2681 681 2769 βόρβορος,
698 2677 855 2769 “χρυσίσν
867 2682 926 2766 μὲν
941 2679 961 2770 ἢ
975 2679 1138 2770 ἀργύριον,
1155 2678 1254 2770 Ἡρά-

216 2787 317 2864 κλεις,
338 2780 415 2853 ούδὲ
427 2788 615 2871 κεκτῆσθαι
634 2779 732 2865 ἀξιῶ,
753 2780 873 2867 ὀβολὸς
892 2783 1014 2866 ἱκανὸς,
1039 2782 1084 2864 ῶς
1102 2790 1253 2870 θέρμους

216 2892 392 2974 πριαίμην·
419 2882 523 2963 ποτὸν
539 2882 601 2973 γὰρ
620 2882 642 2973 ἢ
659 2886 756 2974 κρήνη
775 2882 796 2973 ἢ
813 2884 966 2970 ποταμὸς
986 2883 1163 2974 παρέξει·”
1192 2890 1252 2955 καὶ

216 2984 284 3071 μετ’
302 2984 411 3074 ὀλίγον
435 2987 583 3076 αἰτοήσιν
607 2984 665 3054 οόκ
687 2986 825 3073 ὀβολοὺς
852 2985 929 3056 ούδὲ
952 2987 1099 3079 δραχμάς
1126 2986 1251 3076 ὀλίγας,

218 3086 301 3156 ἀλλὰ
319 3085 485 3170 πλούτους
508 3084 615 3169 ὅλους.
653 3085 738 3158 ὥστε
760 3097 811 3169 τίς
829 3089 975 3180 ἔμπορος
996 3096 1154 3159 τοσοῦτον
1178 3086 1251 3160 ἀπό

215 3198 276 3258 τοῦ
299 3193 425 3283 φόρτου
449 3192 665 3281 ἐμπολήσειεν
688 3189 727 3260 ἀν
750 3189 828 3260 ὅσον
849 3194 982 3273 τούτοις
1004 3197 1191 3284 φιλοσοφία
1216 3194 1253 3276 ές

213 3294 440 3382 χρηματισμόν
467 3299 629 3379 συντελεῖς
655 3292 711 3363 εἶτ’
728 3293 862 3365 ἐπειδὰν
891 3295 1008 3377 ἱκανῶς
1030 3300 1252 3379 συλλέξωνται

215 3399 272 3462 καὶ
289 3395 549 3478 ἐπισιτίσωνται,
570 3396 822 3486 ἀπορρίψαντες
837 3398 940 3467 έκεῖνο
954 3397 992 3468 τὸ
1008 3401 1166 3488 δύστηνον
1177 3426 1251 3491 τρι-

215 3497 336 3582 βῶνιον
354 3496 474 3586 ἀγροὺς
497 3500 599 3570 ένίοτε
621 3503 676 3567 καί
699 3500 844 3589 ἐσθῆτας
861 3493 927 3568 τῶν
947 3505 1131 3587 μαλθακῶν
1154 3501 1251 3590 ἔπρίε

217 3626 294 3669 αντο
312 3604 367 3669 καὶ
385 3605 510 3682 παῖδας
526 3603 671 3691 κομήτας
687 3605 744 3670 καὶ
762 3610 928 3684 συνοικίας
941 3600 1030 3687 όλας,
1051 3604 1161 3697 μακρδι
1173 3612 1251 3689 χαί-

216 3729 284 3791 ρειν
303 3705 488 3794 φράσαντες
504 3713 544 3794 τῇ
562 3706 655 3795 πήρᾳ
671 3712 712 3796 τῇ
724 3707 894 3797 Κράτητος
910 3709 966 3775 καὶ
982 3713 1030 3796 τῷ
1047 3712 1183 3798 τρίβωνι
1200 3714 1250 3795 τῷ

165 3827 196 3874 21
213 3804 439 3887 Ἀντισθένους
455 3810 511 3874 καὶ
531 3814 579 3896 τῷ
597 3814 694 3898 πίθῳ
717 3817 765 3898 τῷ
782 3816 967 3899 Διογένους.
1003 3812 1038 3878 οἱ
1059 3811 1193 3879 ἰδιῶται
1212 3810 1248 3878 δδ

120 3949 124 3958 -
215 3915 319 3976 ταῦτα
333 3906 472 3995 δρῶντες
485 3913 729 3982 καταπτύουσιν
742 3910 808 4003 ήδη,
818 3918 1022 4003 φιλοσοφίας
1030 3917 1086 3982 καὶ
1096 3909 1248 3993 ἅπαντας

215 4007 301 4079 εἶναι
316 4013 488 4094 τοιούτους
507 4015 634 4086 σἰὀνται
649 4013 733 4105 κάμέ
753 4024 812 4106 τῆς
830 4019 1045 4099 διδασκαλίας
1063 4017 1246 4087 αἰτιῶνται.
