<?xml version="1.0" encoding="UTF-8"?>
<!DOCTYPE html PUBLIC "-//W3C//DTD XHTML 1.0 Transitional//EN"
    "http://www.w3.org/TR/xhtml1/DTD/xhtml1-transitional.dtd">
<html xmlns="http://www.w3.org/1999/xhtml" xml:lang="en" lang="en">
 <head>
  <title>
</title>
<meta http-equiv="Content-Type" content="text/html;charset=utf-8" />
  <meta name='ocr-system' content='tesseract 3.04.00' />
  <meta name='ocr-capabilities' content='ocr_page ocr_carea ocr_par ocr_line ocrx_word'/>
</head>
<body>
  <div class='ocr_page' id='page_1' title='image "./lucianisamosate00dindgoog_0072.png"; bbox 0 0 2748 4572; ppageno 0'>
   <div class='ocr_carea' id='block_1_1' title="bbox 10 262 12 269">
    <p class='ocr_par' dir='ltr' id='par_1_1' title="bbox 10 262 12 269">
     <span class='ocr_line' id='line_1_1' title="bbox 10 262 12 269; baseline 0 0"><span class='ocrx_word' id='word_1_1' title='bbox 10 262 12 269; x_wconf 67' lang='lat' dir='ltr'>v</span> 
     </span>
    </p>
   </div>
   <div class='ocr_carea' id='block_1_2' title="bbox 227 224 1136 295">
    <p class='ocr_par' dir='ltr' id='par_1_2' title="bbox 227 224 1136 295">
     <span class='ocr_line' id='line_1_2' title="bbox 227 224 1136 295; baseline 0 -3"><span class='ocrx_word' id='word_1_2' title='bbox 227 238 337 295; x_wconf 70' lang='lat' dir='ltr'><strong><em>Lvm</em></strong></span> <span class='ocrx_word' id='word_1_3' title='bbox 362 237 476 293; x_wconf 75' lang='grc' dir='ltr'><strong>ΠΡΟΣ</strong></span> <span class='ocrx_word' id='word_1_4' title='bbox 497 236 587 292; x_wconf 76' lang='grc' dir='ltr'><strong><em>ἐον</em></strong></span> <span class='ocrx_word' id='word_1_5' title='bbox 604 235 889 292; x_wconf 75' lang='grc' dir='ltr'><strong><em>ΔσΑΙασκσοα</em></strong></span> <span class='ocrx_word' id='word_1_6' title='bbox 910 237 1014 295; x_wconf 86' lang='lat'>8-11.</span> <span class='ocrx_word' id='word_1_7' title='bbox 1093 224 1136 292; x_wconf 77' lang='lat'><strong><em>53</em></strong></span> 
     </span>
    </p>
   </div>
   <div class='ocr_carea' id='block_1_3' title="bbox 10 330 1182 567">
    <p class='ocr_par' dir='ltr' id='par_1_3' title="bbox 10 330 1182 532">
     <span class='ocr_line' id='line_1_3' title="bbox 10 330 1182 468; baseline -0.003 -54"><span class='ocrx_word' id='word_1_8' title='bbox 10 334 12 419; x_wconf 58' lang='grc' dir='ltr'><strong><em>λ</em></strong></span> <span class='ocrx_word' id='word_1_9' title='bbox 99 349 166 424; x_wconf 89' lang='grc' dir='ltr'><strong><em>σας</em></strong></span> <span class='ocrx_word' id='word_1_10' title='bbox 187 341 267 422; x_wconf 87' lang='grc' dir='ltr'><strong><em>τούς</em></strong></span> <span class='ocrx_word' id='word_1_11' title='bbox 287 338 429 424; x_wconf 79' lang='grc' dir='ltr'><strong><em>θεατάς,</em></strong></span> <span class='ocrx_word' id='word_1_12' title='bbox 457 336 573 429; x_wconf 83' lang='grc' dir='ltr'><strong><em>δπειδῆ</em></strong></span> <span class='ocrx_word' id='word_1_13' title='bbox 595 365 679 410; x_wconf 86' lang='grc' dir='ltr'><strong><em>ποτε</em></strong></span> <span class='ocrx_word' id='word_1_14' title='bbox 698 331 801 408; x_wconf 83' lang='grc' dir='ltr'><strong><em>καὶ</em></strong></span> <span class='ocrx_word' id='word_1_15' title='bbox 778 344 860 430; x_wconf 78' lang='grc' dir='ltr'><strong><em>ᾳσαι</em></strong></span> <span class='ocrx_word' id='word_1_16' title='bbox 881 344 939 409; x_wconf 84' lang='grc' dir='ltr'><strong><em>καὶ</em></strong></span> <span class='ocrx_word' id='word_1_17' title='bbox 934 330 1182 468; x_wconf 77' lang='grc' dir='ltr'><strong><em>κιθαρύσαιΙΙ</em></strong></span> 
     </span>
     <span class='ocr_line' id='line_1_4' title="bbox 10 440 1137 567; baseline -0.003 -51"><span class='ocrx_word' id='word_1_18' title='bbox 10 440 12 525; x_wconf 35' lang='grc' dir='ltr'>ᾗ</span> <span class='ocrx_word' id='word_1_19' title='bbox 97 448 240 524; x_wconf 76' lang='grc' dir='ltr'><strong><em>πάντας</em></strong></span> <span class='ocrx_word' id='word_1_20' title='bbox 258 444 339 526; x_wconf 81' lang='grc' dir='ltr'><strong><em>έδει,</em></strong></span> <span class='ocrx_word' id='word_1_21' title='bbox 364 442 581 532; x_wconf 74' lang='grc' dir='ltr'><strong><em>ἀνακρούεται</em></strong></span> <span class='ocrx_word' id='word_1_22' title='bbox 601 440 699 527; x_wconf 79' lang='grc' dir='ltr'><strong><em>μέν</em></strong></span> <span class='ocrx_word' id='word_1_23' title='bbox 678 443 886 567; x_wconf 76' lang='grc' dir='ltr'><strong><em>ηνάρμοστόν</em></strong></span> <span class='ocrx_word' id='word_1_24' title='bbox 906 471 941 512; x_wconf 87' lang='grc' dir='ltr'><strong><em>τι</em></strong></span> <span class='ocrx_word' id='word_1_25' title='bbox 962 442 1057 512; x_wconf 72' lang='grc' dir='ltr'><strong><em>καῖ’</em></strong></span> <span class='ocrx_word' id='word_1_26' title='bbox 1035 446 1137 513; x_wconf 90' lang='grc' dir='ltr'><strong><em>ασύν</em></strong></span> 
     </span>
    </p>
   </div>
   <div class='ocr_carea' id='block_1_4' title="bbox 97 540 1222 1250">
    <p class='ocr_par' dir='ltr' id='par_1_4' title="bbox 97 540 1222 1250">
     <span class='ocr_line' id='line_1_5' title="bbox 98 540 1138 672; baseline 0.001 -57"><span class='ocrx_word' id='word_1_27' title='bbox 98 573 234 629; x_wconf 86' lang='grc' dir='ltr'><strong><em>τακτον,</em></strong></span> <span class='ocrx_word' id='word_1_28' title='bbox 263 543 488 636; x_wconf 80' lang='grc' dir='ltr'><strong><em>ὐπορρῆγιυσι</em></strong></span> <span class='ocrx_word' id='word_1_29' title='bbox 510 547 547 613; x_wconf 82' lang='grc' dir='ltr'><strong><em>δδ</em></strong></span> <span class='ocrx_word' id='word_1_30' title='bbox 567 557 656 634; x_wconf 82' lang='grc' dir='ltr'><em>τρεῖς</em></span> <span class='ocrx_word' id='word_1_31' title='bbox 677 540 748 630; x_wconf 82' lang='grc' dir='ltr'><strong><em>άμα</em></strong></span> <span class='ocrx_word' id='word_1_32' title='bbox 767 545 889 639; x_wconf 85' lang='grc' dir='ltr'><strong><em>χορδὰς</em></strong></span> <span class='ocrx_word' id='word_1_33' title='bbox 900 548 1138 672; x_wconf 77' lang='grc' dir='ltr'><strong><em>σφοδρότερην</em></strong></span> 
     </span>
     <span class='ocr_line' id='line_1_6' title="bbox 98 646 1137 738; baseline -0.002 -19"><span class='ocrx_word' id='word_1_34' title='bbox 98 657 161 719; x_wconf 82' lang='grc' dir='ltr'><strong><em>τοῦ</em></strong></span> <span class='ocrx_word' id='word_1_35' title='bbox 180 650 313 729; x_wconf 78' lang='grc' dir='ltr'><strong><em>δέοντος</em></strong></span> <span class='ocrx_word' id='word_1_36' title='bbox 331 647 486 733; x_wconf 73' lang='grc' dir='ltr'><strong><em>ἐμπεσὼν</em></strong></span> <span class='ocrx_word' id='word_1_37' title='bbox 502 675 542 738; x_wconf 82' lang='grc' dir='ltr'><strong><em>τη</em></strong></span> <span class='ocrx_word' id='word_1_38' title='bbox 527 648 702 738; x_wconf 61' lang='grc' dir='ltr'><strong><em>’κιθάρφ</em></strong></span> <span class='ocrx_word' id='word_1_39' title='bbox 726 646 818 737; x_wconf 71' lang='grc' dir='ltr'><strong><em>ᾅδειν</em></strong></span> <span class='ocrx_word' id='word_1_40' title='bbox 836 646 918 716; x_wconf 57' lang='lat' dir='ltr'><strong><em>&amp;V</em></strong></span> <span class='ocrx_word' id='word_1_41' title='bbox 895 674 1030 737; x_wconf 85' lang='grc' dir='ltr'><strong><em>αρχεται</em></strong></span> <span class='ocrx_word' id='word_1_42' title='bbox 1048 647 1137 721; x_wconf 87' lang='grc' dir='ltr'><strong><em>άπό-</em></strong></span> 
     </span>
     <span class='ocr_line' id='line_1_7' title="bbox 99 745 1137 839; baseline -0.002 -19"><span class='ocrx_word' id='word_1_43' title='bbox 99 752 230 839; x_wconf 89' lang='grc' dir='ltr'><strong><em>μουσύν</em></strong></span> <span class='ocrx_word' id='word_1_44' title='bbox 252 777 289 819; x_wconf 85' lang='grc' dir='ltr'><strong><em>τι</em></strong></span> <span class='ocrx_word' id='word_1_45' title='bbox 308 753 365 818; x_wconf 83' lang='grc' dir='ltr'><strong><em>καὶ</em></strong></span> <span class='ocrx_word' id='word_1_46' title='bbox 385 749 519 832; x_wconf 89' lang='grc' dir='ltr'><strong><em>λεπτὸν,</em></strong></span> <span class='ocrx_word' id='word_1_47' title='bbox 548 745 634 818; x_wconf 73' lang='grc' dir='ltr'><strong><em>ὥστε</em></strong></span> <span class='ocrx_word' id='word_1_48' title='bbox 658 754 786 838; x_wconf 77' lang='grc' dir='ltr'><strong><em>γέλωτα</em></strong></span> <span class='ocrx_word' id='word_1_49' title='bbox 806 753 866 838; x_wconf 78' lang='grc' dir='ltr'><strong><em>μέν</em></strong></span> <span class='ocrx_word' id='word_1_50' title='bbox 886 748 980 839; x_wconf 83' lang='grc' dir='ltr'><strong><em>παρὰ</em></strong></span> <span class='ocrx_word' id='word_1_51' title='bbox 1002 751 1137 823; x_wconf 86' lang='grc' dir='ltr'><strong><em>πάντων</em></strong></span> 
     </span>
     <span class='ocr_line' id='line_1_8' title="bbox 97 849 1222 943; baseline 0.002 -21"><span class='ocrx_word' id='word_1_52' title='bbox 97 859 263 943; x_wconf 88' lang='grc' dir='ltr'><strong><em>γενέσθαι</em></strong></span> <span class='ocrx_word' id='word_1_53' title='bbox 279 859 346 923; x_wconf 80' lang='grc' dir='ltr'><strong><em>τῶν</em></strong></span> <span class='ocrx_word' id='word_1_54' title='bbox 363 859 506 935; x_wconf 77' lang='grc' dir='ltr'><strong><em>θεατῶν,</em></strong></span> <span class='ocrx_word' id='word_1_55' title='bbox 529 850 607 932; x_wconf 85' lang='grc' dir='ltr'><strong><em>τούς</em></strong></span> <span class='ocrx_word' id='word_1_56' title='bbox 625 849 819 934; x_wconf 73' lang='grc' dir='ltr'><strong><em>ἀθλοθέτας</em></strong></span> <span class='ocrx_word' id='word_1_57' title='bbox 837 856 873 923; x_wconf 84' lang='grc' dir='ltr'><strong><em>δδ</em></strong></span> <span class='ocrx_word' id='word_1_58' title='bbox 894 851 1137 943; x_wconf 86' lang='grc' dir='ltr'><strong><em>άγανακτῆσαν-</em></strong></span> <span class='ocrx_word' id='word_1_59' title='bbox 1220 879 1222 884; x_wconf 92' lang='grc'><strong><em>·</em></strong></span> 
     </span>
     <span class='ocr_line' id='line_1_9' title="bbox 100 953 1135 1045; baseline 0.001 -21"><span class='ocrx_word' id='word_1_60' title='bbox 100 983 162 1037; x_wconf 89' lang='grc' dir='ltr'><strong><em>τας</em></strong></span> <span class='ocrx_word' id='word_1_61' title='bbox 189 954 249 1024; x_wconf 82' lang='grc' dir='ltr'><strong><em>έπλ</em></strong></span> <span class='ocrx_word' id='word_1_62' title='bbox 273 962 315 1045; x_wconf 88' lang='grc' dir='ltr'><strong><em>τῆ</em></strong></span> <span class='ocrx_word' id='word_1_63' title='bbox 339 956 444 1045; x_wconf 82' lang='grc' dir='ltr'><strong><em>τόλμῃ</em></strong></span> <span class='ocrx_word' id='word_1_64' title='bbox 470 955 744 1043; x_wconf 76' lang='grc' dir='ltr'><strong><em>μαστιγώσαντας</em></strong></span> <span class='ocrx_word' id='word_1_65' title='bbox 771 953 870 1025; x_wconf 86' lang='grc' dir='ltr'><strong><em>αὐτὸν</em></strong></span> <span class='ocrx_word' id='word_1_66' title='bbox 902 955 1049 1043; x_wconf 73' lang='grc' dir='ltr'><strong><em>ἐκβαλεῖν</em></strong></span> <span class='ocrx_word' id='word_1_67' title='bbox 1074 963 1135 1025; x_wconf 85' lang='grc' dir='ltr'><strong><em>τού</em></strong></span> 
     </span>
     <span class='ocr_line' id='line_1_10' title="bbox 99 1054 1138 1150; baseline 0 -22"><span class='ocrx_word' id='word_1_68' title='bbox 99 1060 267 1150; x_wconf 88' lang='grc' dir='ltr'><strong><em>θεάτρου,</em></strong></span> <span class='ocrx_word' id='word_1_69' title='bbox 292 1054 417 1147; x_wconf 83' lang='grc' dir='ltr'><strong><em>ότεπερ-</em></strong></span> <span class='ocrx_word' id='word_1_70' title='bbox 430 1060 486 1125; x_wconf 82' lang='grc' dir='ltr'><strong><em>καλ</em></strong></span> <span class='ocrx_word' id='word_1_71' title='bbox 502 1057 712 1146; x_wconf 77' lang='grc' dir='ltr'><strong><em>γελοιότατος</em></strong></span> <span class='ocrx_word' id='word_1_72' title='bbox 730 1055 834 1148; x_wconf 77' lang='grc' dir='ltr'><strong><em>ὤφθη</em></strong></span> <span class='ocrx_word' id='word_1_73' title='bbox 854 1060 1002 1149; x_wconf 85' lang='grc' dir='ltr'><strong><em>δακρύων</em></strong></span> <span class='ocrx_word' id='word_1_74' title='bbox 1023 1054 1041 1127; x_wconf 88' lang='grc' dir='ltr'><strong><em>δ</em></strong></span> <span class='ocrx_word' id='word_1_75' title='bbox 1058 1085 1138 1148; x_wconf 84' lang='grc' dir='ltr'><strong><em>χρυ-</em></strong></span> 
     </span>
     <span class='ocr_line' id='line_1_11' title="bbox 102 1156 1137 1250; baseline -0.001 -20"><span class='ocrx_word' id='word_1_76' title='bbox 102 1169 183 1241; x_wconf 84' lang='grc' dir='ltr'><strong><em>σοῦς</em></strong></span> <span class='ocrx_word' id='word_1_77' title='bbox 203 1157 392 1247; x_wconf 76' lang='grc' dir='ltr'><strong><em>Εὐάγγελος</em></strong></span> <span class='ocrx_word' id='word_1_78' title='bbox 413 1163 470 1226; x_wconf 85' lang='grc' dir='ltr'><strong><em>καὶ</em></strong></span> <span class='ocrx_word' id='word_1_79' title='bbox 490 1156 557 1227; x_wconf 85' lang='grc' dir='ltr'><strong><em>ὐπὸ</em></strong></span> <span class='ocrx_word' id='word_1_80' title='bbox 580 1166 646 1227; x_wconf 84' lang='grc' dir='ltr'><strong><em>τῶν</em></strong></span> <span class='ocrx_word' id='word_1_81' title='bbox 671 1162 929 1250; x_wconf 84' lang='grc' dir='ltr'><strong><em>μαστιγοφόρων</em></strong></span> <span class='ocrx_word' id='word_1_82' title='bbox 956 1164 1137 1248; x_wconf 84' lang='grc' dir='ltr'><strong><em>συρόμενος</em></strong></span> 
     </span>
    </p>
   </div>
   <div class='ocr_carea' id='block_1_5' title="bbox 79 1261 1137 1354">
    <p class='ocr_par' dir='ltr' id='par_1_5' title="bbox 79 1261 1137 1354">
     <span class='ocr_line' id='line_1_12' title="bbox 79 1261 1137 1354; baseline -0.001 -22"><span class='ocrx_word' id='word_1_83' title='bbox 79 1262 162 1332; x_wconf 83' lang='grc' dir='ltr'><strong><em>διά</em></strong></span> <span class='ocrx_word' id='word_1_84' title='bbox 183 1268 287 1350; x_wconf 87' lang='grc' dir='ltr'><strong><em>μέσης</em></strong></span> <span class='ocrx_word' id='word_1_85' title='bbox 307 1269 366 1350; x_wconf 91' lang='grc' dir='ltr'><strong><em>τῆς</em></strong></span> <span class='ocrx_word' id='word_1_86' title='bbox 387 1268 504 1350; x_wconf 82' lang='grc' dir='ltr'><strong><em>σκηνῆς</em></strong></span> <span class='ocrx_word' id='word_1_87' title='bbox 524 1264 581 1329; x_wconf 83' lang='grc' dir='ltr'><strong><em>καλ</em></strong></span> <span class='ocrx_word' id='word_1_88' title='bbox 605 1261 649 1328; x_wconf 83' lang='grc' dir='ltr'><strong><em>τὰ</em></strong></span> <span class='ocrx_word' id='word_1_89' title='bbox 671 1267 765 1350; x_wconf 88' lang='grc' dir='ltr'><strong><em>σκέλη</em></strong></span> <span class='ocrx_word' id='word_1_90' title='bbox 793 1270 1075 1354; x_wconf 80' lang='grc' dir='ltr'><strong><em>καθῃματωμένος</em></strong></span> <span class='ocrx_word' id='word_1_91' title='bbox 1102 1263 1137 1331; x_wconf 84' lang='grc' dir='ltr'><strong><em>έκ</em></strong></span> 
     </span>
    </p>
   </div>
   <div class='ocr_carea' id='block_1_6' title="bbox 98 1362 1190 1663">
    <p class='ocr_par' dir='ltr' id='par_1_6' title="bbox 98 1362 1190 1663">
     <span class='ocr_line' id='line_1_13' title="bbox 98 1362 1136 1453; baseline -0.003 -20"><span class='ocrx_word' id='word_1_92' title='bbox 98 1372 168 1434; x_wconf 81' lang='grc' dir='ltr'><strong><em>τῶν</em></strong></span> <span class='ocrx_word' id='word_1_93' title='bbox 190 1370 359 1451; x_wconf 83' lang='grc' dir='ltr'><strong><em>μαστίγων</em></strong></span> <span class='ocrx_word' id='word_1_94' title='bbox 381 1367 438 1431; x_wconf 82' lang='grc' dir='ltr'><strong><em>καὶ</em></strong></span> <span class='ocrx_word' id='word_1_95' title='bbox 464 1366 627 1451; x_wconf 86' lang='grc' dir='ltr'><strong><em>συλλέγων</em></strong></span> <span class='ocrx_word' id='word_1_96' title='bbox 645 1370 800 1448; x_wconf 85' lang='grc' dir='ltr'><strong><em>χαμᾶθεν</em></strong></span> <span class='ocrx_word' id='word_1_97' title='bbox 822 1372 881 1452; x_wconf 90' lang='grc' dir='ltr'><strong><em>τῆς</em></strong></span> <span class='ocrx_word' id='word_1_98' title='bbox 906 1367 1053 1453; x_wconf 80' lang='grc' dir='ltr'><strong><em>κιθάρας</em></strong></span> <span class='ocrx_word' id='word_1_99' title='bbox 1075 1362 1136 1444; x_wconf 89' lang='grc' dir='ltr'><strong><em>τάς</em></strong></span> 
     </span>
     <span class='ocr_line' id='line_1_14' title="bbox 103 1463 1137 1568; baseline -0.003 -32"><span class='ocrx_word' id='word_1_100' title='bbox 103 1468 309 1556; x_wconf 72' lang='grc' dir='ltr'><strong><em>σφραγῖδας</em></strong></span> <span class='ocrx_word' id='word_1_101' title='bbox 335 1465 605 1548; x_wconf 71' lang='grc' dir='ltr'><strong><em>ἐξεπεπτώκεσαν</em></strong></span> <span class='ocrx_word' id='word_1_102' title='bbox 625 1465 688 1553; x_wconf 87' lang='grc' dir='ltr'><strong><em>γὰρ</em></strong></span> <span class='ocrx_word' id='word_1_103' title='bbox 714 1463 862 1568; x_wconf 82' lang='grc' dir='ltr'><strong><em>κάκεένης</em></strong></span> <span class='ocrx_word' id='word_1_104' title='bbox 890 1491 1137 1554; x_wconf 85' lang='grc' dir='ltr'><strong><em>συμμαστιγον·</em></strong></span> 
     </span>
     <span class='ocr_line' id='line_1_15' title="bbox 101 1565 1190 1663; baseline 0.003 -28"><span class='ocrx_word' id='word_1_105' title='bbox 101 1577 201 1658; x_wconf 78' lang='grc' dir='ltr'><strong><em>μένης</em></strong></span> <span class='ocrx_word' id='word_1_106' title='bbox 220 1566 331 1656; x_wconf 57' lang='grc' dir='ltr'><strong><em>αὐτῷε</em></strong></span> <span class='ocrx_word' id='word_1_107' title='bbox 357 1567 528 1657; x_wconf 81' lang='grc' dir='ltr'><strong><em>μικρδνδέ</em></strong></span> <span class='ocrx_word' id='word_1_108' title='bbox 545 1566 689 1652; x_wconf 81' lang='grc' dir='ltr'><strong><em>έπισχάν</em></strong></span> <span class='ocrx_word' id='word_1_109' title='bbox 706 1565 775 1663; x_wconf 79' lang='grc' dir='ltr'><strong><em>μετ’</em></strong></span> <span class='ocrx_word' id='word_1_110' title='bbox 791 1566 891 1649; x_wconf 82' lang='grc' dir='ltr'><strong><em>αὐτὸν</em></strong></span> <span class='ocrx_word' id='word_1_111' title='bbox 908 1565 1063 1657; x_wconf 86' lang='grc' dir='ltr'><strong><em>Εὐμηλύς</em></strong></span> <span class='ocrx_word' id='word_1_112' title='bbox 1083 1594 1135 1649; x_wconf 88' lang='grc' dir='ltr'><strong><em>τις</em></strong></span> <span class='ocrx_word' id='word_1_113' title='bbox 1155 1590 1190 1639; x_wconf 84' lang='lat'><strong><em>10</em></strong></span> 
     </span>
    </p>
   </div>
   <div class='ocr_carea' id='block_1_7' title="bbox 98 1669 1303 1765">
    <p class='ocr_par' dir='ltr' id='par_1_7' title="bbox 98 1669 1303 1765">
     <span class='ocr_line' id='line_1_16' title="bbox 98 1669 1303 1765; baseline -0.002 -23"><span class='ocrx_word' id='word_1_114' title='bbox 98 1669 227 1751; x_wconf 81' lang='grc' dir='ltr'><strong><em>Ἠλεῖος</em></strong></span> <span class='ocrx_word' id='word_1_115' title='bbox 249 1672 451 1765; x_wconf 82' lang='grc' dir='ltr'><strong><em>εἰσέρχεται,</em></strong></span> <span class='ocrx_word' id='word_1_116' title='bbox 467 1671 612 1761; x_wconf 86' lang='grc' dir='ltr'><strong><em>κιθάραν</em></strong></span> <span class='ocrx_word' id='word_1_117' title='bbox 628 1672 687 1757; x_wconf 78' lang='grc' dir='ltr'><strong><em>μέν</em></strong></span> <span class='ocrx_word' id='word_1_118' title='bbox 704 1671 851 1739; x_wconf 84' lang='grc' dir='ltr'><strong><em>παλαιάν</em></strong></span> <span class='ocrx_word' id='word_1_119' title='bbox 874 1670 963 1755; x_wconf 80' lang='grc' dir='ltr'><strong><em>έχων,</em></strong></span> <span class='ocrx_word' id='word_1_120' title='bbox 989 1674 1136 1754; x_wconf 79' lang='grc' dir='ltr'><strong><em>ξυλίνους</em></strong></span> <span class='ocrx_word' id='word_1_121' title='bbox 1252 1713 1303 1751; x_wconf 61' lang='lat'><strong><em>=,·</em></strong></span> 
     </span>
    </p>
   </div>
   <div class='ocr_carea' id='block_1_8' title="bbox 98 1772 1188 3226">
    <p class='ocr_par' dir='ltr' id='par_1_8' title="bbox 98 1772 1188 3086">
     <span class='ocr_line' id='line_1_17' title="bbox 103 1772 1137 1862; baseline 0 -20"><span class='ocrx_word' id='word_1_122' title='bbox 103 1776 141 1842; x_wconf 82' lang='grc' dir='ltr'><strong><em>δὲ</em></strong></span> <span class='ocrx_word' id='word_1_123' title='bbox 162 1775 331 1853; x_wconf 88' lang='grc' dir='ltr'><strong><em>κόλλοπας</em></strong></span> <span class='ocrx_word' id='word_1_124' title='bbox 354 1772 567 1862; x_wconf 78' lang='grc' dir='ltr'><strong><em>ἐπικειμένην,</em></strong></span> <span class='ocrx_word' id='word_1_125' title='bbox 592 1773 720 1862; x_wconf 73' lang='grc' dir='ltr'><strong><em>ἐσθῆτα</em></strong></span> <span class='ocrx_word' id='word_1_126' title='bbox 743 1776 779 1841; x_wconf 78' lang='grc' dir='ltr'><strong><em>δέ</em></strong></span> <span class='ocrx_word' id='word_1_127' title='bbox 795 1774 894 1862; x_wconf 88' lang='grc' dir='ltr'><strong><em>μόγις</em></strong></span> <span class='ocrx_word' id='word_1_128' title='bbox 916 1772 976 1842; x_wconf 85' lang='grc' dir='ltr'><strong><em>σόν</em></strong></span> <span class='ocrx_word' id='word_1_129' title='bbox 995 1781 1043 1862; x_wconf 76' lang='grc' dir='ltr'><strong><em>τῷ</em></strong></span> <span class='ocrx_word' id='word_1_130' title='bbox 1063 1798 1137 1842; x_wconf 89' lang='grc' dir='ltr'><strong><em>στε-</em></strong></span> 
     </span>
     <span class='ocr_line' id='line_1_18' title="bbox 103 1863 1136 1966; baseline -0.001 -23"><span class='ocrx_word' id='word_1_131' title='bbox 103 1878 202 1966; x_wconf 78' lang='grc' dir='ltr'><strong><em>φάνην</em></strong></span> <span class='ocrx_word' id='word_1_132' title='bbox 226 1876 305 1942; x_wconf 86' lang='grc' dir='ltr'><strong><em>δέκα</em></strong></span> <span class='ocrx_word' id='word_1_133' title='bbox 328 1863 481 1965; x_wconf 80' lang='grc' dir='ltr'><strong><em>δραχμιῦό</em></strong></span> <span class='ocrx_word' id='word_1_134' title='bbox 503 1874 612 1957; x_wconf 82' lang='grc' dir='ltr'><strong><em>άξέαν·</em></strong></span> <span class='ocrx_word' id='word_1_135' title='bbox 639 1874 708 1944; x_wconf 79' lang='grc' dir='ltr'><strong><em>ἀλλ’</em></strong></span> <span class='ocrx_word' id='word_1_136' title='bbox 725 1868 822 1957; x_wconf 81' lang='grc' dir='ltr'><strong><em>οὗτός</em></strong></span> <span class='ocrx_word' id='word_1_137' title='bbox 846 1902 883 1963; x_wconf 91' lang='grc' dir='ltr'><strong><em>γε</em></strong></span> <span class='ocrx_word' id='word_1_138' title='bbox 906 1873 994 1964; x_wconf 71' lang='grc' dir='ltr'><strong><em>ᾄσας</em></strong></span> <span class='ocrx_word' id='word_1_139' title='bbox 1019 1879 1136 1957; x_wconf 79' lang='grc' dir='ltr'><strong><em>δεξιῶς</em></strong></span> 
     </span>
     <span class='ocr_line' id='line_1_19' title="bbox 98 1976 1137 2068; baseline -0.002 -21"><span class='ocrx_word' id='word_1_140' title='bbox 98 1982 162 2047; x_wconf 90' lang='grc' dir='ltr'><strong><em>καὶ</em></strong></span> <span class='ocrx_word' id='word_1_141' title='bbox 186 1985 368 2068; x_wconf 82' lang='grc' dir='ltr'><strong><em>κιθαρίσας</em></strong></span> <span class='ocrx_word' id='word_1_142' title='bbox 383 1978 476 2059; x_wconf 62' lang='grc' dir='ltr'><strong><em>,κατὰ</em></strong></span> <span class='ocrx_word' id='word_1_143' title='bbox 503 1976 560 2046; x_wconf 88' lang='grc' dir='ltr'><strong><em>τὸν</em></strong></span> <span class='ocrx_word' id='word_1_144' title='bbox 584 1980 685 2064; x_wconf 91' lang='grc' dir='ltr'><strong><em>νόμον</em></strong></span> <span class='ocrx_word' id='word_1_145' title='bbox 710 1986 769 2066; x_wconf 88' lang='grc' dir='ltr'><strong><em>τῆς</em></strong></span> <span class='ocrx_word' id='word_1_146' title='bbox 794 1984 906 2066; x_wconf 84' lang='grc' dir='ltr'><strong><em>τέχνης</em></strong></span> <span class='ocrx_word' id='word_1_147' title='bbox 928 1976 1056 2066; x_wconf 73' lang='grc' dir='ltr'><strong><em>ἐκράτει</em></strong></span> <span class='ocrx_word' id='word_1_148' title='bbox 1081 1979 1137 2047; x_wconf 77' lang='grc' dir='ltr'><strong><em>καὶ</em></strong></span> 
     </span>
     <span class='ocr_line' id='line_1_20' title="bbox 105 2078 1136 2169; baseline -0.004 -20"><span class='ocrx_word' id='word_1_149' title='bbox 105 2080 339 2169; x_wconf 82' lang='grc' dir='ltr'><strong><em>άνεκηρύττετσ</em></strong></span> <span class='ocrx_word' id='word_1_150' title='bbox 355 2083 411 2148; x_wconf 82' lang='grc' dir='ltr'><strong><em>καὶ</em></strong></span> <span class='ocrx_word' id='word_1_151' title='bbox 427 2086 486 2147; x_wconf 83' lang='grc' dir='ltr'><strong><em>τοῦ</em></strong></span> <span class='ocrx_word' id='word_1_152' title='bbox 504 2079 690 2168; x_wconf 80' lang='grc' dir='ltr'><strong><em>Εὐαγγέλου</em></strong></span> <span class='ocrx_word' id='word_1_153' title='bbox 708 2084 864 2167; x_wconf 85' lang='grc' dir='ltr'><strong><em>κατεγέλα</em></strong></span> <span class='ocrx_word' id='word_1_154' title='bbox 881 2081 987 2166; x_wconf 86' lang='grc' dir='ltr'><strong><em>μάτην</em></strong></span> <span class='ocrx_word' id='word_1_155' title='bbox 1005 2078 1136 2164; x_wconf 88' lang='grc' dir='ltr'><strong><em>έμπομ-</em></strong></span> 
     </span>
     <span class='ocr_line' id='line_1_21' title="bbox 104 2181 1137 2305; baseline -0.006 -52"><span class='ocrx_word' id='word_1_156' title='bbox 104 2183 292 2263; x_wconf 87' lang='grc' dir='ltr'><strong><em>πεύσαντος</em></strong></span> <span class='ocrx_word' id='word_1_157' title='bbox 312 2182 352 2271; x_wconf 83' lang='grc' dir='ltr'><strong><em>τῆ</em></strong></span> <span class='ocrx_word' id='word_1_158' title='bbox 374 2183 502 2305; x_wconf 75' lang='grc' dir='ltr'><strong><em>κιθάρην</em></strong></span> <span class='ocrx_word' id='word_1_159' title='bbox 523 2185 579 2249; x_wconf 82' lang='grc' dir='ltr'><strong><em>καὶ</em></strong></span> <span class='ocrx_word' id='word_1_160' title='bbox 599 2195 674 2260; x_wconf 89' lang='grc' dir='ltr'><strong><em>ταῖς</em></strong></span> <span class='ocrx_word' id='word_1_161' title='bbox 696 2195 875 2271; x_wconf 89' lang='grc' dir='ltr'><strong><em>σφραγῖσιν</em></strong></span> <span class='ocrx_word' id='word_1_162' title='bbox 893 2181 1040 2258; x_wconf 84' lang='grc' dir='ltr'><strong><em>έκείναις.</em></strong></span> <span class='ocrx_word' id='word_1_163' title='bbox 1081 2182 1137 2248; x_wconf 76' lang='grc' dir='ltr'><strong><em>καὶ</em></strong></span> 
     </span>
     <span class='ocr_line' id='line_1_22' title="bbox 107 2275 1137 2373; baseline -0.004 -22"><span class='ocrx_word' id='word_1_164' title='bbox 107 2285 219 2352; x_wconf 78' lang='grc' dir='ltr'><strong><em>εἰπεῖν</em></strong></span> <span class='ocrx_word' id='word_1_165' title='bbox 233 2310 268 2370; x_wconf 91' lang='grc' dir='ltr'><strong><em>γε</em></strong></span> <span class='ocrx_word' id='word_1_166' title='bbox 284 2289 411 2372; x_wconf 88' lang='grc' dir='ltr'><strong><em>λέγεται</em></strong></span> <span class='ocrx_word' id='word_1_167' title='bbox 429 2283 514 2373; x_wconf 87' lang='grc' dir='ltr'><strong><em>πρὸς</em></strong></span> <span class='ocrx_word' id='word_1_168' title='bbox 532 2281 646 2352; x_wconf 89' lang='grc' dir='ltr'><strong><em>αὐτόν</em></strong></span> <span class='ocrx_word' id='word_1_169' title='bbox 661 2280 714 2350; x_wconf 79' lang='lat' dir='ltr'><strong><em>“w</em></strong></span> <span class='ocrx_word' id='word_1_170' title='bbox 700 2275 907 2371; x_wconf 85' lang='grc' dir='ltr'><strong><em>Εὐάγγελε,</em></strong></span> <span class='ocrx_word' id='word_1_171' title='bbox 927 2278 965 2349; x_wconf 85' lang='grc' dir='ltr'><strong><em>σὺ</em></strong></span> <span class='ocrx_word' id='word_1_172' title='bbox 984 2283 1044 2366; x_wconf 79' lang='grc' dir='ltr'><strong><em>μέν</em></strong></span> <span class='ocrx_word' id='word_1_173' title='bbox 1058 2307 1137 2367; x_wconf 87' lang='grc' dir='ltr'><strong><em>χρυ-</em></strong></span> 
     </span>
     <span class='ocr_line' id='line_1_23' title="bbox 107 2381 1138 2510; baseline -0.003 -56"><span class='ocrx_word' id='word_1_174' title='bbox 107 2392 169 2510; x_wconf 88' lang='grc' dir='ltr'><strong><em>σῆν</em></strong></span> <span class='ocrx_word' id='word_1_175' title='bbox 190 2386 315 2476; x_wconf 84' lang='grc' dir='ltr'><strong><em>δάφνην</em></strong></span> <span class='ocrx_word' id='word_1_176' title='bbox 336 2412 400 2474; x_wconf 86' lang='grc' dir='ltr'><strong><em>περ</em></strong></span> <span class='ocrx_word' id='word_1_177' title='bbox 403 2392 536 2468; x_wconf 85' lang='grc' dir='ltr'><strong><em>έ,κεισαι</em></strong></span> <span class='ocrx_word' id='word_1_178' title='bbox 564 2389 720 2465; x_wconf 85' lang='grc' dir='ltr'><strong><em>πλουτεῖς</em></strong></span> <span class='ocrx_word' id='word_1_179' title='bbox 742 2384 828 2509; x_wconf 67' lang='grc' dir='ltr'><strong><em>γὰρ,</em></strong></span> <span class='ocrx_word' id='word_1_180' title='bbox 847 2382 910 2472; x_wconf 80' lang='grc' dir='ltr'><strong><em>δγώ</em></strong></span> <span class='ocrx_word' id='word_1_181' title='bbox 933 2381 1012 2452; x_wconf 53' lang='grc' dir='ltr'><strong><em>δέ(</em></strong></span> <span class='ocrx_word' id='word_1_182' title='bbox 996 2411 1014 2452; x_wconf 92' lang='grc' dir='ltr'><strong><em>ο</em></strong></span> <span class='ocrx_word' id='word_1_183' title='bbox 1037 2390 1138 2472; x_wconf 85' lang='grc' dir='ltr'><strong><em>πένης</em></strong></span> 
     </span>
     <span class='ocr_line' id='line_1_24' title="bbox 103 2483 1175 2577; baseline -0.002 -21"><span class='ocrx_word' id='word_1_184' title='bbox 103 2487 163 2577; x_wconf 81' lang='grc' dir='ltr'><strong><em>τὴν</em></strong></span> <span class='ocrx_word' id='word_1_185' title='bbox 180 2490 362 2577; x_wconf 70' lang='grc' dir='ltr'><strong><em>Δελφικήν</em></strong></span> <span class='ocrx_word' id='word_1_186' title='bbox 388 2489 474 2574; x_wconf 90' lang='grc' dir='ltr'><strong><em>πλην</em></strong></span> <span class='ocrx_word' id='word_1_187' title='bbox 494 2489 594 2556; x_wconf 80' lang='grc' dir='ltr'><strong><em>τοῦτό</em></strong></span> <span class='ocrx_word' id='word_1_188' title='bbox 617 2513 653 2576; x_wconf 90' lang='grc' dir='ltr'><strong><em>γε</em></strong></span> <span class='ocrx_word' id='word_1_189' title='bbox 674 2490 776 2573; x_wconf 91' lang='grc' dir='ltr'><strong><em>μόνον</em></strong></span> <span class='ocrx_word' id='word_1_190' title='bbox 799 2483 907 2576; x_wconf 73' lang='grc' dir='ltr'><strong><em>ὤνησο</em></strong></span> <span class='ocrx_word' id='word_1_191' title='bbox 928 2493 987 2575; x_wconf 88' lang='grc' dir='ltr'><strong><em>τῆς</em></strong></span> <span class='ocrx_word' id='word_1_192' title='bbox 1011 2492 1175 2575; x_wconf 82' lang='grc' dir='ltr'><strong><em>σκευῆς,</em></strong></span> 
     </span>
     <span class='ocr_line' id='line_1_25' title="bbox 105 2587 1177 2714; baseline -0.003 -55"><span class='ocrx_word' id='word_1_193' title='bbox 105 2587 160 2660; x_wconf 82' lang='grc' dir='ltr'><strong><em>ότι</em></strong></span> <span class='ocrx_word' id='word_1_194' title='bbox 180 2588 259 2679; x_wconf 73' lang='grc' dir='ltr'><strong><em>μηδ’</em></strong></span> <span class='ocrx_word' id='word_1_195' title='bbox 281 2591 469 2674; x_wconf 74' lang='grc' dir='ltr'><strong><em>ἐλεούμενος</em></strong></span> <span class='ocrx_word' id='word_1_196' title='bbox 495 2588 552 2658; x_wconf 72' lang='grc' dir='ltr'><strong><em>ἐπὶ</em></strong></span> <span class='ocrx_word' id='word_1_197' title='bbox 574 2598 614 2680; x_wconf 82' lang='grc' dir='ltr'><strong><em>τῆ</em></strong></span> <span class='ocrx_word' id='word_1_198' title='bbox 636 2587 716 2714; x_wconf 81' lang='grc' dir='ltr'><strong><em>η’ττη</em></strong></span> <span class='ocrx_word' id='word_1_199' title='bbox 739 2588 880 2714; x_wconf 80' lang='grc' dir='ltr'><strong><em>άπέρχη,</em></strong></span> <span class='ocrx_word' id='word_1_200' title='bbox 910 2587 993 2657; x_wconf 84' lang='grc' dir='ltr'><strong><em>ἀλλὰ</em></strong></span> <span class='ocrx_word' id='word_1_201' title='bbox 1018 2590 1177 2674; x_wconf 87' lang='grc' dir='ltr'><strong><em>μισού-</em></strong></span> 
     </span>
     <span class='ocr_line' id='line_1_26' title="bbox 103 2689 1138 2818; baseline -0.002 -58"><span class='ocrx_word' id='word_1_202' title='bbox 103 2717 201 2779; x_wconf 84' lang='grc' dir='ltr'><strong><em>μενος</em></strong></span> <span class='ocrx_word' id='word_1_203' title='bbox 220 2698 360 2818; x_wconf 85' lang='grc' dir='ltr'><strong><em>προσέτι</em></strong></span> <span class='ocrx_word' id='word_1_204' title='bbox 378 2691 489 2759; x_wconf 82' lang='grc' dir='ltr'><strong><em>δεδι</em></strong></span> <span class='ocrx_word' id='word_1_205' title='bbox 455 2719 513 2780; x_wconf 93' lang='grc' dir='ltr'><strong><em>την</em></strong></span> <span class='ocrx_word' id='word_1_206' title='bbox 524 2689 663 2776; x_wconf 81' lang='grc' dir='ltr'><strong><em>άτεχνόν</em></strong></span> <span class='ocrx_word' id='word_1_207' title='bbox 682 2717 741 2760; x_wconf 92' lang='grc' dir='ltr'><strong><em>σου</em></strong></span> <span class='ocrx_word' id='word_1_208' title='bbox 763 2693 885 2780; x_wconf 89' lang='grc' dir='ltr'><strong><em>ταύτην</em></strong></span> <span class='ocrx_word' id='word_1_209' title='bbox 906 2695 961 2757; x_wconf 78' lang='grc' dir='ltr'><strong><em>καὶ</em></strong></span> <span class='ocrx_word' id='word_1_210' title='bbox 983 2689 1138 2781; x_wconf 78' lang='grc' dir='ltr'><strong><em>περιττὴν</em></strong></span> 
     </span>
     <span class='ocr_line' id='line_1_27' title="bbox 104 2785 1136 2894; baseline -0.005 -30"><span class='ocrx_word' id='word_1_211' title='bbox 104 2792 253 2885; x_wconf 81' lang='grc' dir='ltr'><strong><em>τραφῆνῖ</em></strong></span> <span class='ocrx_word' id='word_1_212' title='bbox 254 2793 381 2880; x_wconf 75' lang='grc' dir='ltr'><strong><em>’περὶ</em></strong></span> <span class='ocrx_word' id='word_1_213' title='bbox 402 2796 494 2863; x_wconf 88' lang='grc' dir='ltr'><strong><em>πόδα</em></strong></span> <span class='ocrx_word' id='word_1_214' title='bbox 517 2795 556 2882; x_wconf 90' lang='grc' dir='ltr'><strong><em>δῆ</em></strong></span> <span class='ocrx_word' id='word_1_215' title='bbox 575 2819 631 2863; x_wconf 93' lang='grc' dir='ltr'><strong><em>σοι</em></strong></span> <span class='ocrx_word' id='word_1_216' title='bbox 646 2799 703 2861; x_wconf 79' lang='grc' dir='ltr'><strong><em>καὶ</em></strong></span> <span class='ocrx_word' id='word_1_217' title='bbox 719 2791 905 2883; x_wconf 80' lang='grc' dir='ltr'><strong><em>Εὐάγγελος</em></strong></span> <span class='ocrx_word' id='word_1_218' title='bbox 924 2785 1033 2894; x_wconf 79' lang='grc' dir='ltr'><strong><em>οὗτος,</em></strong></span> <span class='ocrx_word' id='word_1_219' title='bbox 1057 2791 1136 2882; x_wconf 88' lang='grc' dir='ltr'><strong><em>παρ</em></strong></span> 
     </span>
     <span class='ocr_line' id='line_1_28' title="bbox 105 2894 1114 3022; baseline -0.002 -58"><span class='ocrx_word' id='word_1_220' title='bbox 105 2894 185 2966; x_wconf 80' lang='grc' dir='ltr'><strong><em>ὅσον</em></strong></span> <span class='ocrx_word' id='word_1_221' title='bbox 203 2904 312 2983; x_wconf 83' lang='grc' dir='ltr'><strong><em>σοίγε</em></strong></span> <span class='ocrx_word' id='word_1_222' title='bbox 331 2894 403 2965; x_wconf 85' lang='grc' dir='ltr'><strong><em>οὐδ</em></strong></span> <span class='ocrx_word' id='word_1_223' title='bbox 419 2895 528 3022; x_wconf 81' lang='grc' dir='ltr'><strong><em>ὀλίγον</em></strong></span> <span class='ocrx_word' id='word_1_224' title='bbox 544 2899 637 2980; x_wconf 85' lang='grc' dir='ltr'><strong><em>μέλει</em></strong></span> <span class='ocrx_word' id='word_1_225' title='bbox 653 2921 711 2963; x_wconf 89' lang='grc' dir='ltr'><strong><em>του</em></strong></span> <span class='ocrx_word' id='word_1_226' title='bbox 696 2900 871 2983; x_wconf 84' lang='grc' dir='ltr'><strong><em>γέλωτος</em></strong></span> <span class='ocrx_word' id='word_1_227' title='bbox 888 2902 954 2963; x_wconf 79' lang='grc' dir='ltr'><strong><em>τῶν</em></strong></span> <span class='ocrx_word' id='word_1_228' title='bbox 972 2900 1114 2963; x_wconf 78' lang='grc' dir='ltr'><strong><em>θεατῶν.</em></strong></span> 
     </span>
     <span class='ocr_line' id='line_1_29' title="bbox 157 2996 1188 3086; baseline 0.002 -18"><span class='ocrx_word' id='word_1_229' title='bbox 157 2997 264 3068; x_wconf 76' lang='grc' dir='ltr'><strong><em>δέκ’</em></strong></span> <span class='ocrx_word' id='word_1_230' title='bbox 249 2995 483 3086; x_wconf 72' lang='grc' dir='ltr'><strong><em>άκοιιρονδ’”</em></strong></span> <span class='ocrx_word' id='word_1_231' title='bbox 461 3026 500 3066; x_wconf 90' lang='grc' dir='ltr'><strong><em>αν</em></strong></span> <span class='ocrx_word' id='word_1_232' title='bbox 525 3004 652 3086; x_wconf 90' lang='grc' dir='ltr'><strong><em>γένοιτο</em></strong></span> <span class='ocrx_word' id='word_1_233' title='bbox 682 3002 735 3066; x_wconf 87' lang='grc' dir='ltr'><strong><em>καὶ</em></strong></span> <span class='ocrx_word' id='word_1_234' title='bbox 756 3005 900 3085; x_wconf 82' lang='grc' dir='ltr'><strong><em>Λέσβιον</em></strong></span> <span class='ocrx_word' id='word_1_235' title='bbox 926 3000 1038 3083; x_wconf 81' lang='grc' dir='ltr'><strong><em>μῦθόν</em></strong></span> <span class='ocrx_word' id='word_1_236' title='bbox 1063 3023 1137 3066; x_wconf 90' lang='grc' dir='ltr'><strong><em>τινα</em></strong></span> <span class='ocrx_word' id='word_1_237' title='bbox 1156 3021 1188 3069; x_wconf 84' lang='grc'><strong><em>11</em></strong></span> 
     </span>
    </p>

    <p class='ocr_par' dir='ltr' id='par_1_9' title="bbox 103 3097 1138 3226">
     <span class='ocr_line' id='line_1_30' title="bbox 103 3097 1138 3226; baseline -0.002 -56"><span class='ocrx_word' id='word_1_238' title='bbox 103 3103 335 3226; x_wconf 82' lang='grc' dir='ltr'><strong><em>διηγήσασθαί</em></strong></span> <span class='ocrx_word' id='word_1_239' title='bbox 357 3126 412 3170; x_wconf 93' lang='grc' dir='ltr'><strong><em>σοι</em></strong></span> <span class='ocrx_word' id='word_1_240' title='bbox 433 3102 541 3170; x_wconf 88' lang='grc' dir='ltr'><strong><em>πάλαι</em></strong></span> <span class='ocrx_word' id='word_1_241' title='bbox 560 3102 741 3226; x_wconf 71' lang='grc' dir='ltr'><strong><em>γενόμενον.</em></strong></span> <span class='ocrx_word' id='word_1_242' title='bbox 781 3097 837 3168; x_wconf 84' lang='grc' dir='ltr'><strong><em>ότε</em></strong></span> <span class='ocrx_word' id='word_1_243' title='bbox 859 3100 917 3168; x_wconf 85' lang='grc' dir='ltr'><strong><em>τόν</em></strong></span> <span class='ocrx_word' id='word_1_244' title='bbox 931 3097 1047 3190; x_wconf 79' lang='grc' dir='ltr'><strong><em>Ὀρφέα</em></strong></span> <span class='ocrx_word' id='word_1_245' title='bbox 1071 3102 1138 3168; x_wconf 88' lang='grc' dir='ltr'><strong><em>διε-</em></strong></span> 
     </span>
    </p>
   </div>
   <div class='ocr_carea' id='block_1_9' title="bbox 10 3200 1138 3294">
    <p class='ocr_par' dir='ltr' id='par_1_10' title="bbox 10 3200 1138 3294">
     <span class='ocr_line' id='line_1_31' title="bbox 10 3200 1138 3294; baseline -0.004 -21"><span class='ocrx_word' id='word_1_246' title='bbox 10 3224 12 3231; x_wconf 80' lang='grc'>’</span> <span class='ocrx_word' id='word_1_247' title='bbox 96 3206 280 3273; x_wconf 89' lang='grc' dir='ltr'><strong><em>σπάσαντσ</em></strong></span> <span class='ocrx_word' id='word_1_248' title='bbox 304 3204 339 3270; x_wconf 82' lang='grc' dir='ltr'><strong><em>αἱ</em></strong></span> <span class='ocrx_word' id='word_1_249' title='bbox 363 3211 518 3294; x_wconf 80' lang='grc' dir='ltr'><strong><em>Θρᾷτται,</em></strong></span> <span class='ocrx_word' id='word_1_250' title='bbox 543 3205 629 3291; x_wconf 86' lang='grc' dir='ltr'><strong><em>φασὶ</em></strong></span> <span class='ocrx_word' id='word_1_251' title='bbox 648 3201 705 3289; x_wconf 86' lang='grc' dir='ltr'><strong><em>τὴν</em></strong></span> <span class='ocrx_word' id='word_1_252' title='bbox 727 3202 871 3292; x_wconf 81' lang='grc' dir='ltr'><strong><em>κεφαλὴν</em></strong></span> <span class='ocrx_word' id='word_1_253' title='bbox 894 3200 996 3269; x_wconf 82' lang='grc' dir='ltr'><strong><em>αὐτοῦ</em></strong></span> <span class='ocrx_word' id='word_1_254' title='bbox 1020 3200 1079 3269; x_wconf 85' lang='grc' dir='ltr'><strong><em>σὺν</em></strong></span> <span class='ocrx_word' id='word_1_255' title='bbox 1098 3209 1138 3290; x_wconf 80' lang='grc' dir='ltr'><strong><em>τῇ</em></strong></span> 
     </span>
    </p>
   </div>
   <div class='ocr_carea' id='block_1_10' title="bbox 101 3302 1219 3601">
    <p class='ocr_par' dir='ltr' id='par_1_11' title="bbox 101 3302 1219 3601">
     <span class='ocr_line' id='line_1_32' title="bbox 102 3302 1141 3436; baseline -0.004 -62"><span class='ocrx_word' id='word_1_256' title='bbox 102 3305 231 3396; x_wconf 77' lang='grc' dir='ltr'><strong><em>λύρᾳέ</em></strong></span> <span class='ocrx_word' id='word_1_257' title='bbox 232 3333 249 3386; x_wconf 93' lang='grc' dir='ltr'><strong><em>ς</em></strong></span> <span class='ocrx_word' id='word_1_258' title='bbox 275 3304 333 3374; x_wconf 89' lang='grc' dir='ltr'><strong><em>τὸν</em></strong></span> <span class='ocrx_word' id='word_1_259' title='bbox 347 3303 505 3436; x_wconf 74' lang='grc' dir='ltr'><strong><em>Ἕβρονέ</em></strong></span> <span class='ocrx_word' id='word_1_260' title='bbox 504 3311 697 3391; x_wconf 84' lang='grc' dir='ltr'><strong><em>μπεσοῦσαν</em></strong></span> <span class='ocrx_word' id='word_1_261' title='bbox 720 3304 921 3392; x_wconf 72' lang='grc' dir='ltr'><strong><em>ἐκβληθῆναι</em></strong></span> <span class='ocrx_word' id='word_1_262' title='bbox 943 3302 1035 3383; x_wconf 86' lang='grc' dir='ltr'><strong><em>ές</em></strong></span> <span class='ocrx_word' id='word_1_263' title='bbox 1001 3329 1060 3371; x_wconf 91' lang='grc' dir='ltr'><strong><em>τον</em></strong></span> <span class='ocrx_word' id='word_1_264' title='bbox 1080 3308 1141 3390; x_wconf 85' lang='grc' dir='ltr'><strong><em>μέ-</em></strong></span> 
     </span>
     <span class='ocr_line' id='line_1_33' title="bbox 102 3404 1219 3534; baseline -0.002 -59"><span class='ocrx_word' id='word_1_265' title='bbox 102 3412 187 3476; x_wconf 87' lang='grc' dir='ltr'><strong><em>λανα</em></strong></span> <span class='ocrx_word' id='word_1_266' title='bbox 205 3410 338 3492; x_wconf 87' lang='grc' dir='ltr'><strong><em>κόλπον,</em></strong></span> <span class='ocrx_word' id='word_1_267' title='bbox 363 3435 418 3476; x_wconf 91' lang='grc' dir='ltr'><strong><em>και</em></strong></span> <span class='ocrx_word' id='word_1_268' title='bbox 406 3408 589 3476; x_wconf 79' lang='grc' dir='ltr'><strong><em>ἐπιπλεῖν</em></strong></span> <span class='ocrx_word' id='word_1_269' title='bbox 605 3431 642 3494; x_wconf 89' lang='grc' dir='ltr'><strong><em>γε</em></strong></span> <span class='ocrx_word' id='word_1_270' title='bbox 659 3406 716 3495; x_wconf 83' lang='grc' dir='ltr'><strong><em>τὴν</em></strong></span> <span class='ocrx_word' id='word_1_271' title='bbox 733 3410 878 3534; x_wconf 86' lang='grc' dir='ltr'><strong><em>κεφαλῆν</em></strong></span> <span class='ocrx_word' id='word_1_272' title='bbox 897 3414 937 3497; x_wconf 93' lang='grc' dir='ltr'><strong><em>τῆ</em></strong></span> <span class='ocrx_word' id='word_1_273' title='bbox 931 3404 1055 3496; x_wconf 75' lang='grc' dir='ltr'><strong><em>λύρᾳ,</em></strong></span> <span class='ocrx_word' id='word_1_274' title='bbox 1079 3404 1138 3530; x_wconf 85' lang='grc' dir='ltr'><strong><em>τῆν</em></strong></span> <span class='ocrx_word' id='word_1_275' title='bbox 1210 3450 1219 3463; x_wconf 88' lang='lat'><strong>·</strong></span> 
     </span>
     <span class='ocr_line' id='line_1_34' title="bbox 101 3507 1139 3601; baseline -0.001 -23"><span class='ocrx_word' id='word_1_276' title='bbox 101 3512 163 3597; x_wconf 84' lang='grc' dir='ltr'><strong><em>μέν</em></strong></span> <span class='ocrx_word' id='word_1_277' title='bbox 187 3507 337 3601; x_wconf 73' lang='grc' dir='ltr'><strong><em>ᾄδουσαν</em></strong></span> <span class='ocrx_word' id='word_1_278' title='bbox 365 3513 492 3600; x_wconf 85' lang='grc' dir='ltr'><strong><em>θρῆνόν</em></strong></span> <span class='ocrx_word' id='word_1_279' title='bbox 520 3537 594 3580; x_wconf 89' lang='grc' dir='ltr'><strong><em>τινα</em></strong></span> <span class='ocrx_word' id='word_1_280' title='bbox 625 3509 682 3578; x_wconf 77' lang='grc' dir='ltr'><strong><em>ἐπὶ</em></strong></span> <span class='ocrx_word' id='word_1_281' title='bbox 707 3539 754 3599; x_wconf 85' lang='grc' dir='ltr'><strong><em>τῳ</em></strong></span> <span class='ocrx_word' id='word_1_282' title='bbox 778 3509 913 3600; x_wconf 76' lang='grc' dir='ltr'><strong><em>Ὀρφεέῳ</em></strong></span> <span class='ocrx_word' id='word_1_283' title='bbox 940 3511 1049 3600; x_wconf 82' lang='grc' dir='ltr'><strong><em>μόρῳ,</em></strong></span> <span class='ocrx_word' id='word_1_284' title='bbox 1080 3507 1139 3597; x_wconf 85' lang='grc' dir='ltr'><strong><em>τῆν</em></strong></span> 
     </span>
    </p>
   </div>
   <div class='ocr_carea' id='block_1_11' title="bbox 98 3712 1140 4124">
    <p class='ocr_par' dir='ltr' id='par_1_12' title="bbox 98 3712 1140 4124">
     <span class='ocr_line' id='line_1_35' title="bbox 98 3712 1137 3806; baseline -0.002 -24"><span class='ocrx_word' id='word_1_285' title='bbox 98 3717 253 3805; x_wconf 73' lang='grc' dir='ltr'><strong><em>χορδαῖς,</em></strong></span> <span class='ocrx_word' id='word_1_286' title='bbox 280 3719 337 3784; x_wconf 82' lang='grc' dir='ltr'><strong><em>καὶ</em></strong></span> <span class='ocrx_word' id='word_1_287' title='bbox 360 3712 446 3783; x_wconf 83' lang='grc' dir='ltr'><strong><em>ούτιο</em></strong></span> <span class='ocrx_word' id='word_1_288' title='bbox 468 3715 536 3801; x_wconf 74' lang='grc' dir='ltr'><strong><em>μετ’</em></strong></span> <span class='ocrx_word' id='word_1_289' title='bbox 552 3715 640 3805; x_wconf 80' lang='grc' dir='ltr'><strong><em>ᾠδῆς</em></strong></span> <span class='ocrx_word' id='word_1_290' title='bbox 661 3722 923 3806; x_wconf 86' lang='grc' dir='ltr'><strong><em>προσενεχθῆναι</em></strong></span> <span class='ocrx_word' id='word_1_291' title='bbox 944 3722 984 3802; x_wconf 84' lang='grc' dir='ltr'><strong><em>τῆ</em></strong></span> <span class='ocrx_word' id='word_1_292' title='bbox 1006 3718 1137 3798; x_wconf 81' lang='grc' dir='ltr'><strong><em>Λέσβῳ,</em></strong></span> 
     </span>
     <span class='ocr_line' id='line_1_36' title="bbox 104 3814 1140 3907; baseline -0.002 -24"><span class='ocrx_word' id='word_1_293' title='bbox 104 3815 274 3898; x_wconf 85' lang='grc' dir='ltr'><strong><em>κάκείνους</em></strong></span> <span class='ocrx_word' id='word_1_294' title='bbox 292 3816 503 3904; x_wconf 79' lang='grc' dir='ltr'><strong><em>ἀνελομένους</em></strong></span> <span class='ocrx_word' id='word_1_295' title='bbox 521 3818 578 3907; x_wconf 87' lang='grc' dir='ltr'><strong><em>τῆν</em></strong></span> <span class='ocrx_word' id='word_1_296' title='bbox 595 3821 654 3903; x_wconf 79' lang='grc' dir='ltr'><strong><em>μὲν</em></strong></span> <span class='ocrx_word' id='word_1_297' title='bbox 671 3817 814 3907; x_wconf 82' lang='grc' dir='ltr'><strong><em>κεφαλὴν</em></strong></span> <span class='ocrx_word' id='word_1_298' title='bbox 831 3817 1047 3902; x_wconf 81' lang='grc' dir='ltr'><strong><em>καταθάψαι,</em></strong></span> <span class='ocrx_word' id='word_1_299' title='bbox 1068 3814 1140 3897; x_wconf 76' lang='grc' dir='ltr'><strong><em>ἵνα·</em></strong></span> 
     </span>
     <span class='ocr_line' id='line_1_37' title="bbox 105 3915 1139 4010; baseline -0.001 -23"><span class='ocrx_word' id='word_1_300' title='bbox 105 3946 169 4010; x_wconf 87' lang='grc' dir='ltr'><strong><em>περ</em></strong></span> <span class='ocrx_word' id='word_1_301' title='bbox 187 3920 300 3989; x_wconf 85' lang='grc' dir='ltr'><strong><em>νῦντὸ</em></strong></span> <span class='ocrx_word' id='word_1_302' title='bbox 318 3932 475 4005; x_wconf 87' lang='grc' dir='ltr'><strong><em>Βακχεῖον</em></strong></span> <span class='ocrx_word' id='word_1_303' title='bbox 494 3919 608 4000; x_wconf 88' lang='grc' dir='ltr'><strong><em>αὐτοῖς</em></strong></span> <span class='ocrx_word' id='word_1_304' title='bbox 626 3920 705 4001; x_wconf 74' lang='grc' dir='ltr'><strong><em>ἐστι,</em></strong></span> <span class='ocrx_word' id='word_1_305' title='bbox 723 3919 781 4006; x_wconf 83' lang='grc' dir='ltr'><strong><em>τῆν</em></strong></span> <span class='ocrx_word' id='word_1_306' title='bbox 799 3921 898 4007; x_wconf 89' lang='grc' dir='ltr'><strong><em>λύραν</em></strong></span> <span class='ocrx_word' id='word_1_307' title='bbox 913 3918 948 3985; x_wconf 83' lang='grc' dir='ltr'><strong><em>δέ</em></strong></span> <span class='ocrx_word' id='word_1_308' title='bbox 962 3915 1139 3986; x_wconf 88' lang='grc' dir='ltr'><strong><em>άναθεῖναι</em></strong></span> 
     </span>
     <span class='ocr_line' id='line_1_38' title="bbox 106 4020 1140 4124; baseline -0.001 -37"><span class='ocrx_word' id='word_1_309' title='bbox 106 4020 139 4102; x_wconf 83' lang='grc' dir='ltr'><strong><em>ές</em></strong></span> <span class='ocrx_word' id='word_1_310' title='bbox 160 4030 220 4091; x_wconf 84' lang='grc' dir='ltr'><strong><em>τοῦ</em></strong></span> <span class='ocrx_word' id='word_1_311' title='bbox 239 4022 444 4124; x_wconf 68' lang='grc' dir='ltr'><strong><em>Ἀπόλλωνος</em></strong></span> <span class='ocrx_word' id='word_1_312' title='bbox 465 4024 504 4093; x_wconf 88' lang='grc' dir='ltr'><strong><em>τδ</em></strong></span> <span class='ocrx_word' id='word_1_313' title='bbox 527 4021 624 4112; x_wconf 76' lang='grc' dir='ltr'><strong><em>ἱερὸν,</em></strong></span> <span class='ocrx_word' id='word_1_314' title='bbox 648 4025 703 4090; x_wconf 84' lang='grc' dir='ltr'><strong><em>καὶ</em></strong></span> <span class='ocrx_word' id='word_1_315' title='bbox 726 4021 783 4090; x_wconf 76' lang='grc' dir='ltr'><strong><em>ἐπὶ</em></strong></span> <span class='ocrx_word' id='word_1_316' title='bbox 804 4022 889 4089; x_wconf 91' lang='grc' dir='ltr'><strong><em>πολύ</em></strong></span> <span class='ocrx_word' id='word_1_317' title='bbox 908 4025 945 4110; x_wconf 83' lang='grc' dir='ltr'><strong><em>γεΙ</em></strong></span> <span class='ocrx_word' id='word_1_318' title='bbox 968 4021 1140 4102; x_wconf 85' lang='grc' dir='ltr'><strong><em>σώζεσθαι</em></strong></span> 
     </span>
    </p>
   </div>
   <div class='ocr_carea' id='block_1_12' title="bbox 0 0 1378 4572">
    <p class='ocr_par' dir='ltr' id='par_1_13' title="bbox 0 0 1378 4572">
     <span class='ocr_line' id='line_1_39' title="bbox 0 0 1378 4572; baseline 0 0"><span class='ocrx_word' id='word_1_319' title='bbox 0 0 1378 4572; x_wconf 95' lang='lat' dir='ltr'><strong><em> </em></strong></span> 
     </span>
    </p>
   </div>
  </div>
 </body>
</html>
