2748 4572
139 274 141 281 .
401 233 464 288 Ln.
491 170 776 288 moznmnz
799 231 888 293 1-.a.
1100 216 1140 283 ιε

104 340 212 425 ἄξιαι,
240 334 367 408 όπόσσι
387 333 409 426 ἢ
430 337 611 421 πολεμίους
633 335 843 424 ἐξηπάτησαν
867 331 889 424 ἢ
911 334 970 426 ἐπὶ
994 339 1143 425 σωτηρίη

103 450 153 533 τῷ
185 441 329 529 τοιούτῳ
361 438 526 530 φαρμάκῳ
557 437 735 528 ἐχρήσαντο
762 437 892 519 ἐντοῖς
918 440 1052 520 δεινοῖς,
1085 435 1143 505 ola

103 543 217 616 πολλὰ
235 545 291 610 καὶ
309 533 479 622 Ὀδυσσεύς
495 539 614 622 ἐποίει,
632 541 691 631 τήν
706 560 744 609 τι
762 538 864 609 αύτοῦ
882 538 989 628 ψυχὴν
1003 537 1143 627 άρνύμε-

103 673 161 727 νος
182 649 240 713 καί
261 644 319 719 τὸν.
338 645 456 714 νόστον
476 649 543 712 τῶν
561 642 708 732 ἐπαίρων.
745 641 830 711 άλλὰ
850 646 929 732 περὶ
951 643 1089 724 ἐκείνων,
1114 632 1142 710 (ό

103 746 237 837 δι’ριστε,
266 748 354 837 φημὶ
376 749 416 814 οἳ
432 742 513 814 αύτδ
535 742 612 813 άνευ
633 753 691 834 τῆς
714 752 827 835 χρείας
847 744 887 815 τδ
914 746 1039 832 ψεῦδος
1050 736 1143 834 περὶ
1172 826 1174 835 Ι
1253 816 1256 825 ,

102 852 235 922 πολλοῦ
249 855 309 939 τῆς
322 845 484 937 ἀληθείας
496 854 657 930 τίθενται,
672 844 830 936 ἡδόμενοι
842 855 890 936 τῷ
903 848 1075 939 πράγματι
1086 848 1143 913 καί

106 951 368 1041 ἐνδιατρίβοντες
386 948 437 1018 ἐπ’
459 947 599 1040 οὐδεμιᾷ
615 951 789 1040 προφάσει
807 940 978 1040 ἀναγκαίῳ.
1005 950 1143 1043 τούτους

106 1047 168 1124 ούν
184 1055 295 1123 ἐθέλω
313 1054 436 1122 είδίναι
452 1059 542 1132 τίνος
559 1050 692 1138 άγαθοῠ
709 1059 808 1121 τοῦτο
825 1060 991 1122 ποιοῦσιν.

160 1174 237 1229 ΦΙΛ.
267 1147 309 1224 Ἦ
326 1180 393 1223 που
415 1155 652 1245 κατανενόηκας
676 1150 739 1244 ἤδη
761 1154 853 1235 τινὰς
878 1156 1063 1237 τοιούτους,
1092 1152 1177 1235 ολςι

105 1261 258 1350 ἔμφυτος
275 1257 358 1347 ἐρως
376 1249 474 1338 οὗτός
492 1258 562 1330 ἐστι
579 1256 666 1346 πρὸς
682 1256 721 1326 τὸ
740 1259 882 1344 ψεῦδος,·

159 1376 248 1433 m
283 1364 350 1429 Καὶ
366 1360 457 1445 μάλα
474 1363 596 1429 πολλοί
613 1360 697 1428 εἰσιν
714 1360 748 1428 ολ
763 1366 921 1428 τοιοῦτοι.

98 1519 102 1524 -
160 1480 236 1535 <m
267 1469 307 1531 Τί
323 1459 355 1530 δ’
377 1454 434 1530 σύν
452 1457 534 1529 άλλο
551 1459 573 1550 ἢ
591 1458 705 1531 άνοιαν
720 1459 781 1552 χρὴ
801 1454 909 1530 αέτίαν
927 1458 1012 1529 εἶναι
1030 1459 1147 1549 αὐτοῖς
1212 1468 1230 1507 ’

105 1568 216 1659 φάναι
232 1572 294 1634 τοῦ
311 1563 356 1653 μὴ
376 1562 487 1654 ἀληθῆ
505 1568 618 1652 λέγειν,
642 1564 677 1634 εί
693 1589 730 1653 γε
746 1562 786 1634 τὸ
807 1569 972 1654 χείριστον
990 1560 1063 1634 άντὶ
1084 1569 1144 1632 τοῦ
1291 1557 1302 1572 ’

101 1672 280 1758 βελτίστου
299 1673 556 1756 προαιρούνταις
1121 1698 1123 1701 ·

158 1786 248 1843 m
276 1766 506 1857 Ούδένποῦόσ·
530 1769 604 1839 ἐπεὶ
620 1769 766 1851 πολλοὺς
783 1767 824 1838 όν
842 1770 905 1858 ἐγώ
925 1795 980 1839 σοι
999 1771 1145 1855 δείξαιμι
1196 1790 1200 1801 ’

13 1874 14 1883 ’
105 1870 263 1952 συνετούς
287 1869 395 1940 τόλλα
419 1875 476 1939 καλ
504 1871 562 1962 τὴν
591 1874 721 1963 γνώμην
747 1872 965 1958 θαυμαστοὺς
992 1870 1050 1941 ούκ
1076 1868 1142 1940 οἶδ’

107 1974 204 2057 ὅπως
222 1975 409 2054 ἑαλωκότας
425 1976 533 2062 τούτῳ
551 1982 599 2063 τῷ
616 1983 705 2064 κακῷ
722 1980 778 2043 καὶ
800 1966 1018 2064 φιλοψευδεῖς
1037 1974 1143 2056 ὄντας,

108 2077 155 2160 ὥς
179 2077 345 2147 άνιᾶσθαί
363 2101 406 2162 με
434 2077 464 2145 εἰ
490 2083 638 2146 τοιοῦτοι
665 2076 780 2167 ἄνδρες
806 2074 939 2165 άριστοι
965 2076 1008 2145 τδι
1028 2079 1146 2157 ,πάντα

111 2178 205 2265 ὅμως
226 2185 395 2268 χαίρουσιν
417 2175 537 2259 αύτούς
557 2203 594 2246 τε
614 2182 671 2246 καλ
692 2178 770 2259 τοὺς
797 2180 1045 2266 ἐντυγχάνοντας
1072 2180 1107 2260 ἐξ
1128 2220 1146 2233 -

67 2312 74 2331 ε
112 2288 295 2360 πατῶντες.
325 2280 467 2361 ἐκείνους
488 2279 626 2369 μὲνγὰρ
644 2279 721 2361 τούς
738 2279 904 2361 παλαιοὺς
921 2279 989 2368 πρὸ
1009 2281 1088 2365 ἐμοῦ
1108 2282 1148 2348 σέ

23 2422 31 2436 =
108 2384 171 2475 χρὴ
190 2383 323 2466 εἰδέναι,
347 2383 405 2452 τὸν
418 2381 593 2472 Ἡρόδοτον
609 2388 665 2452 καὶ
681 2390 827 2471 Κτησίαν
848 2382 906 2453 τὸν
925 2385 1066 2466 Κνίδιον,
1089 2387 1146 2451 καὶ

91 2484 177 2576 ’πρὸ
198 2486 324 2554 τούτων
346 2484 423 2566 τοὺς
444 2485 588 2574 ποιητὰς
608 2492 664 2555 καὶ
680 2482 886 2577 τὸνὍμηρον
904 2485 1012 2569 αὐτὸν,
1038 2484 1148 2555 άοιδί-
1273 2540 1281 2563 ,

111 2616 193 2676 μους
212 2585 347 2675 άνδρας,
368 2587 522 2679 ἐγγράφῳ
539 2597 587 2677 τῷ
605 2590 775 2676 ψεύσματι
791 2595 1017 2680 κεχρημένους,
1038 2586 1091 2668 ὡς·
1100 2586 1146 2678 μὴ

111 2694 212 2778 μόνον
235 2691 403 2773 ἐξαπατᾶν
424 2690 502 2771 τούς
523 2692 599 2767 τότε
626 2689 805 2771 άκούοντας
831 2690 953 2773 αὐτῶν,
982 2688 1066 2787 άλλὰ
1092 2694 1148 2758 καὶ

111 2801 206 2883 μέχρι
227 2790 321 2883 ἡμῶν
339 2794 540 2877 διικνεῖσθαι
556 2794 595 2862 τὸ
614 2795 740 2880 ψεῦδος
758 2793 793 2861 ἐκ
813 2795 968 2882 διαδοχῆς
986 2792 1019 2861 ἐν
1035 2796 1148 2859 καλλί-

114 2922 206 2977 στοις
224 2896 323 2964 ἐπεσι
344 2899 400 2963 καὶ
420 2901 554 2985 μίτραις
576 2898 831 2985 φυλαττόμενον.
869 2896 944 2982 ἐμοὶ
963 2903 1042 2984 γοῦν
1063 2898 1149 2964 πολ-

113 3000 205 3079 λάκις
227 2998 409 3066 αἰδεῖσθαι
434 2995 519 3086 ύπέρ
546 2996 653 3067 αὐτῶν
681 2999 822 3081 ἔπεισιν,
851 2997 978 3068 ὁπόταν
1002 2997 1148 3088 Θύρανοῦ

114 3101 215 3191 τομὴν
242 3104 299 3168 καὶ
322 3106 532 3190 Προμηθέως
558 3099 663 3185 δεσμὰ
694 3103 871 3189 διηγῶνται
899 3105 955 3169 καὶ
981 3103 1148 3189 Γιγάντων

46 3291 51 3296 .
114 3202 340 3309 ἐπανάστασιν
361 3201 495 3292 καλιὴν
517 3198 658 3293 ἐνᾌδου
680 3209 793 3271 πάσαν
809 3205 1006 3293 τραγῳδίαν,
1026 3206 1084 3279 καὶ
1103 3200 1150 3281 ὥς

115 3302 153 3371 δι’
174 3305 286 3394 ἐρωτα
303 3303 322 3373 ὁ
340 3304 422 3385 Ζεὺς
438 3311 558 3393 ταύρος
578 3301 600 3394 ἢ
621 3306 735 3385 κύκνος
752 3304 877 3393 ἐγένετο
894 3309 951 3373 καὶ
973 3303 1019 3385 ὦς
1036 3304 1072 3373 ἐκ
1092 3331 1150 3394 γυ-

114 3409 227 3494 ναικός
238 3433 290 3487 τις
303 3408 351 3488 είς
363 3407 474 3497 όρνεον
486 3404 508 3495 ἢ
522 3408 570 3487 εἰς
583 3402 700 3498 άρκτον
712 3414 900 3494 μετέπεσεν,
921 3407 970 3477 ἐτι
988 3409 1024 3478 δὲ
1037 3410 1150 3497 Πηγά-

116 3511 269 3590 σουςνταὶ
286 3517 454 3599 Χιμαίρας
470 3515 527 3579 καὶ
538 3514 707 3601 Γοργόνας
720 3516 775 3580 καί
792 3513 987 3594 Κύκλωπας,
1011 3515 1067 3580 καὶ
1085 3508 1149 3580 όσα

116 3618 257 3680 τοιαῦτα
281 3613 369 3681 πάνυ
392 3610 554 3681 άλλόκστα
576 3618 631 3682 καί
657 3608 814 3703 τεράστια
835 3618 994 3700 μυθίδια,
1018 3615 1149 3681 παίδων

19 3794 21 3813 .
117 3713 228 3798 ψυχὰς
249 3714 358 3802 κηλεῖν
380 3716 543 3802 δυνάμενα
566 3714 615 3785 ἐτι
636 3716 693 3807 τὴν
715 3717 841 3807 Μορμὼ
864 3719 919 3784 καλ
940 3715 998 3804 τὴν
1015 3715 1150 3799 Λάμιαν

119 3816 288 3884 δεδιότων.
323 3814 432 3886 καίτοι
453 3817 496 3886 τὰ
516 3819 575 3904 μέν
596 3828 662 3888 τῶν
684 3827 832 3907 ποιητῶν
853 3821 935 3898 ἰ’σως
955 3823 1086 3907 μέτρια,
1110 3814 1184 3889 τόν

120 3918 155 3982 δέ
179 3921 237 3985 καλ
263 3920 381 3999 πόλεις
406 3917 468 4009 ἤδη
494 3924 551 3988 καλ
577 3921 658 4010 ἐθνη
685 3920 794 3989 πολλὰ
814 3927 905 4011 κοινῇ
927 3924 983 3988 καὶ
1006 3922 1149 4010 δημοσίῳ
1200 3952 1202 3956 ’

119 4014 319 4101 ψεύδεσθαι,
332 4027 407 4102 πῶς
424 4020 462 4100 ού
484 4027 629 4111 γελοῖονη
651 4023 681 4092 εέ
697 4030 821 4113 Κρῆτες
838 4025 898 4108 μέν
913 4030 973 4092 τοῦ
992 4022 1073 4107 Διὸς
1090 4025 1150 4091 τά-
