2792 4580
220 245 917 304 τΧΧιΠνΔΗΜοτοτνονΣττΚοΜ.
933 249 1057 305 νε-εν
1095 235 1162 305 249
1268 316 1276 329 ,

177 367 263 422 ΑΝΤ.
302 357 342 417 Τί
350 348 440 480 φής,·
459 351 635 439 αἰνίγματα
651 338 814 469 λέγεις,
785 378 812 419 ω
827 349 946 442 Αρχία.
914 354 1084 436 αζολντα
1101 356 1161 422 λα-

123 456 241 543 βόντες
258 449 316 520 οόκ
334 454 454 538 οίχετες

64 577 67 581 ’
177 572 263 627 APX.
301 552 425 647 οὐγὰρ
448 555 653 637 ίκόλευες’
612 584 671 646 την
687 583 725 646 γε
742 559 877 646 πριότην
894 556 939 647 μὴ
960 559 1160 645 βιάζεσθαις
1179 580 1214 628 εο

124 666 236 729 καίτοι
254 656 395 727 πλέον
373 686 413 727 αν
431 656 508 728 οάόὲ
523 666 740 783 βιασαμένοις
757 652 891 729 οὐδέν
871 681 923 750 ην
945 664 1002 729 καὶ
1022 661 1085 750 γάρ
1103 686 1161 730 ουν

10 828 11 833 ,
126 761 362 849 έμελλήσαμεν.

177 880 264 935 ΑΝΤ.
302 861 366 932 Οόκ
383 854 419 932 εὖ
435 889 474 952 γε
490 861 585 951 ὗμεῖς
603 863 681 934 οόόλ
698 867 971 956 μελλήσαντες.”
955 890 1037 946 ισως
1055 857 1113 935 οὖν
1127 865 1162 933 ἐκ

123 974 185 1057 τῆς
201 965 363 1054 ὑμετέρας
379 973 519 1056 τέθνηκε
535 973 623 1052 βίοις.

179 1086 265 1141 ΑΡΧ.
296 1067 405 1154 Ἡμεῖς
426 1070 484 1155 μὲν
508 1068 607 1139 αὐτὸν
630 1067 689 1139 οόκ
710 1068 956 1158 ἀπεκτείναμεν,
978 1070 1163 1159 βιάζεσθαι
1200 1146 1206 1151 ,

123 1174 165 1242 ὀί
185 1171 231 1261 μὴ
254 1177 435 1241 πείθουσιν
457 1170 634 1260 άναγκαῖσν
656 1165 706 1262 ἦν.
748 1176 802 1241 σοὶ
825 1169 869 1257 δ’,
898 1166 925 1242 ὦ
947 1177 1100 1261 βασιλεῦ,
1127 1179 1164 1241 τί

124 1274 166 1344 τὸ
193 1278 309 1357 πλέον,
337 1275 368 1342 εἰ
394 1275 457 1356 ζιόν
484 1272 639 1364 άφίκετος
666 1277 800 1357 πάντως
826 1273 922 1345 οὐδέν
949 1274 989 1346 ἂν
1015 1271 1163 1362 αότὸνῆ

127 1376 333 1456 ἀπέκτεινας.
949 1405 952 1410 ·

179 1497 265 1551 ΑΝΤ
299 1476 464 1604 Εόφήμει,
484 1508 512 1547 ω
497 1471 613 1569 Αρχί
613 1501 649 1547 σ
669 1483 776 1561 όοκεῖς
788 1507 847 1651 μέοι
860 1507 905 1570 μη
891 1480 1163 1583 συννενοηκέναι
1181 1503 1213 1551 οι

126 1578 240 1674 μήθΠ
227 1578 320 1662 όστις
341 1578 360 1649 ό
383 1588 601 1672 Δημοσθένης
621 1585 704 1672 μήτε
725 1583 784 1674 τὴν
806 1582 886 1674 ἐμὴν
907 1585 1050 1714 γνώμην,
1079 1580 1164 1651 ἀλλὰ

126 1711 189 1772 νομ
178 1681 309 1768 ιίζειν’
287 1710 404 1770 ομοιον
422 1683 508 1755 είναι
523 1684 791 1776 Δημοσθένηνε
758 1701 863 1814 ευρεῖν
877 1691 935 1754 καὶ
952 1689 1091 1767 τούτους
1109 1688 1164 1776 ζη-

8 1798 9 1801 ’
126 1801 196 1858 τείν
213 1786 291 1868 τοὺς
307 1786 425 1867 κακοὺς
436 1797 544 1870 κακῶς
561 1787 815 1873 άπολωλότας,“
810 1803 964 1878 Ιμεραῖον
981 1789 1040 1859 τὸν
1056 1793 1164 1878 Φαλη-

128 1897 190 1981 ρέα
207 1895 264 1959 καλ
275 1889 332 1958 τόν
344 1894 571 1980 Μαραθώνιον
580 1889 797 1981 ἷίριστόνικον
810 1892 936 1961 καὶτὸν
949 1892 985 1960 έκ
997 1899 1164 1980 Πειραιῶς

127 1991 308 2083 Εὐκράτην,
336 2000 404 2061 τῶν
426 1997 591 2084 ῥαγόαίων
618 1996 789 2085 ῥευμάτων
816 1993 910 2064 οόόέν
934 1998 1161 2084 διαφέροντας,
1265 2002 1278 2023 ’

129 2094 334 2183 ἀνθρώπους
342 2096 529 2179 ταπεινοὺς,
546 2093 681 2187 άφορμῇ
694 2106 905 2187 προσκαίρων
919 2098 1076 2186 θορύβων
1090 2096 1166 2163 ἐπι-

127 2200 342 2278 πολάσαντας
364 2202 420 2266 καλ
440 2198 526 2288 πρὸς
547 2198 665 2289 μικράν
692 2200 982 2288 ταραχῆςέλπίόα
1009 2203 1166 2289 θρασέως

130 2301 384 2384 ἐξαναστάντας,
410 2299 482 2370 εἶτα
499 2305 686 2391 πτήξαντας
705 2299 763 2369 οόκ
784 2301 817 2382 ἐς
834 2299 970 2389 μακρὰν,
991 2302 1081 2388 δίκην
1098 2306 1165 2380 τῶν

123 2406 281 2472 άειλινῶν
293 2405 498 2491 πνευμάτων,
513 2403 640 2472 καὶτὸν
655 2401 998 2492 άπιστονὙπερείόην,
1012 2402 1070 2472 τὸν
1084 2400 1166 2492 άφι-

54 2530 65 2549 ’
130 2510 188 2574 λον
211 2508 433 2595 δημοκόλακα,
456 2507 514 2576 τόν
536 2504 629 2576 οόόὲν
652 2505 787 2596 αἰσχρὸν
808 2512 989 2591 νομίσαντα
1010 2510 1166 2594 κολακείᾳ

125 2616 190 2677 τοό
217 2609 373 2698 πλήθους
399 2617 647 2700 συκοφαντῆσαι
669 2615 885 2698 Δημοσθένην
913 2607 985 2678 οὐδ’
1007 2606 1110 2677 αότὸν
1132 2607 1168 2688 ές

129 2717 238 2780 ταῦτα
260 2727 442 2801 παρασχεῖν
465 2715 616 2782 διάκονον
638 2710 689 2803 ἐφ’
708 2711 760 2792 οἶς
781 2710 877 2779 αὐτοὶ
898 2712 1097 2799 μετενόησαν
1115 2709 1167 2789 οίς

131 2814 310 2900 ἐχαρίζετο.
347 2813 416 2900 μετ’
434 2813 471 2883 οὗ
495 2814 581 2884 πολὺ
599 2822 677 2903 γοῦν
694 2823 753 2903 τῆς
771 2819 994 2905 συκοφαντίας
1015 2816 1167 2899 λαμπρο-

127 2921 229 3005 τέραν
253 2914 274 3005 ἢ
299 2916 367 2986 κατ’
384 2917 588 3005 Ἅλκιβιάόην
612 2916 782 3008 αὐτῷτὴν
807 2918 957 2985 κάθοδον
981 2914 1167 3004 ἀκηκόαμεν

129 3024 299 3107 γενέσθαι.
344 3048 391 3109 τῳ
416 3020 446 3088 δ’
464 3019 523 3089 οὐκ
545 3021 655 3106 έμελεν
679 3017 787 3088 οὐδ’
772 3021 972 3147 επησχόνετο
994 3019 1078 3088 κατὰ
1100 3026 1167 3087 τῶν

130 3146 216 3189 ποτε
234 3123 403 3212 φιλτάτων
420 3150 459 3213 τη
444 3124 604 3212 γλιόττη
620 3124 796 3213 χρώμενος,
816 3151 855 3212 ην
870 3122 963 3212 ἒχρην
982 3124 1090 3211 όηπου
1106 3148 1168 3275 της

132 3220 367 3315 ἀγνωμοσύνης
386 3227 538 3297 ἐκτεμεῖν.

184 3344 269 3399 ΑΡΧ.
308 3327 405 3413 Τ,·(λ
398 3355 483 3396 ουκ
496 3325 658 3417 εχθρων
639 3354 717 3416 ημιν
731 3324 919 3411 έχθιστος“
901 3355 919 3396 ο
934 3337 974 3396 Δν
972 3332 1167 3416 μοσθένης
1186 3345 1220 3396 εν

184 3447 269 3505 ΑΝΤ.
306 3428 454 3521 Οὐχότιρ
467 3435 560 3517 μέλει
572 3431 699 3521 τρόπου
714 3437 867 3512 πίστεως,
889 3434 986 3521 φίλον
1003 3436 1071 3499 πάν
1089 3425 1169 3496 ‹²160-

130 3536 190 3601 λσν
211 3537 267 3601 καί
288 3540 423 3621 βέβαιον
445 3526 532 3623 ἦθος
557 3532 743 3622 ἡγουμένῳ·
769 3531 812 3601 τά
838 3535 901 3622 γάρ
927 3559 982 3602 τοι
1008 3531 1091 3601 καλά
1112 3535 1169 3599 καλ

128 3633 211 3724 παρ’
232 3636 367 3723 έχθροῖς
389 3636 473 3704 καλά
494 3641 550 3705 καλ
571 3635 610 3704 τό
633 3644 692 3725 τῆς
714 3635 831 3726 ἀρετῆς
853 3644 1023 3720 πανταχοῦ
1046 3642 1167 3719 τίμιον.

130 3736 211 3807 σόόέ
236 3746 357 3809 κακίων
384 3738 447 3828 άγώ
469 3743 592 3828 Ξέρξου
615 3746 675 3806 τοῦ
696 3744 818 3807 Βοῦλιν
844 3743 901 3806 καὶ
921 3744 1064 3824 Σπέρχιν
1090 3736 1169 3815 τοός

128 3843 416 3929 Λακεδαιμονίους
441 3843 681 3927 θαυμάσαντος
703 3844 758 3908 καὶ
784 3853 909 3908 κτεῖναι
934 3839 1043 3965 παρὸν
1066 3835 1168 3945 άφέν-

127 3971 199 4026 τος.
223 3943 291 4014 ἀλλ’
304 3973 334 4014 ει
324 3947 387 4035 δη
402 3974 476 4015 τινα
490 3946 633 4026 πάντων,
648 3948 939 4031 καὶΔημοσθίνην,
955 3940 1055 4020 αὐτός
1067 3967 1103 4008 τε
1116 3942 1170 4021 δὶς

124 4047 312 4139 Αθηνησιν,
338 4050 368 4118 εί
384 4053 440 4118 καὶ
461 4077 506 4140 μη
528 4046 613 4118 κατὰ
634 4046 760 4135 πολλὴν
783 4043 909 4165 σχολὴν,
935 4044 1168 4134 συγγενόμενος
