2782 4574
255 260 390 317 LXVHI.
416 259 517 315 ΠΕΡΙ
539 256 625 314 ΤΗΣ
647 258 792 315 ΠΕΡΕΓ.
811 259 902 314 ΤΕΔ.
922 258 1042 318 14-19
1104 249 1167 316 165

130 363 239 435 αάτῶν
262 361 489 452 ἀπορούμενος
515 363 549 431 ἐκ
574 359 832 488 παλινῳδίας”
804 349 886 452 φετο
915 362 1030 432 δείν’
1011 381 1166 439 απαιτεῑν

129 466 224 555 παρὰ
241 474 301 554 τῆς
318 465 502 546 πόλεως
466 493 509 533 τα
526 467 687 556 κτήματα,
714 470 770 533 καὶ
786 481 1010 555 γραμματεῖον
1029 468 1166 551 ἐπιδοὺς

128 569 223 660 ἠξίου
241 576 346 637 ταῦτα
363 574 572 655 κομίσασθαι
588 569 800 649 κελεύσαντος
815 572 989 655 βασιλέως.
1018 569 1090 639 εἶτα
1107 579 1166 661 τῆς

112 675 261 753 ,πόλεως
284 669 647 762 ἀντιπρεσβευσαμένης
670 670 764 740 ούδέν
787 672 956 763 ἐπράχθη,
981 670 1050 742 ἀλλ’
1066 674 1165 760 έμμέ-

128 802 196 870 νειν
210 775 388 864 ἐκελεύσθη
403 772 454 856 οἷς
467 769 562 857 άπαξ
569 777 684 863 διέγνω
697 773 837 865 μηδενός
849 776 1163 865 καταναγκάσαντος.

102 927 106 937 -
183 875 365 967 Τρίτη“δπὶ
387 878 518 958 τούτοις
538 875 713 967 ἀποδημία
735 879 783 958 εἷς
799 879 971 966 Αἴγυπτον
991 877 1086 970 παρά
1106 878 1163 947 τὸν
1182 903 1215 951 11

126 979 380 1068 Ἀγαθόβουλον,
405 980 523 1071 ἵναπερ
541 980 599 1069 τὴν
616 979 814 1069 θαυμαστὴν
837 978 973 1072 ἄσκησιν
996 983 1162 1072 διήσκητο,

130 1084 309 1173 ξυρόμενος
324 1084 384 1167 μέν
401 1090 460 1172 τῆς
477 1089 623 1173 κεφαλῆς
639 1082 678 1151 τὸ
696 1079 810 1172 ἥμισυ,
828 1079 1000 1173 γριόμενος
1014 1086 1050 1152 δέ
1067 1089 1165 1175 πηλῷ

128 1184 167 1254 τὸ
186 1184 381 1308 πρόσωπον,
402 1185 435 1253 έν
452 1190 567 1274 πολλῶ
586 1187 622 1253 δέ
639 1192 705 1253 τῶν
723 1187 954 1275 περιεστώτων
973 1187 1067 1276 δήμῳ
1086 1186 1166 1255 ἀνα-

129 1291 223 1378 φλῶν
241 1285 280 1355 τὸ
299 1287 500 1355 αίδοῖονλ
444 1291 500 1355 καί
516 1287 555 1356 τὸ
579 1286 765 1376 ἀδιάφορον
788 1287 827 1377 δὴ
844 1297 943 1357 τοῦτο
966 1291 1166 1374 καλούμενον
1239 1366 1244 1373 ,

131 1390 407 1514 ἐπιδεικνύμενος,
441 1387 513 1458 εἶτα
538 1399 648 1459 παίων
674 1394 729 1458 καὶ
755 1391 936 1475 παιόμενος
961 1390 1165 1480 νάρθηκιές

128 1491 189 1573 τὰς
206 1490 316 1579 πυγὰς
333 1497 387 1560 καί
410 1492 494 1560 ἀλλα
515 1492 626 1561 πολλὰ
647 1495 864 1580 νεανικώτερα
885 1500 1163 1578 θαυματοποιῶν.

130 1595 260 1664 εκεῖθεν
282 1590 375 1663 δὲτ
341 1592 428 1663 ούτω
451 1601 758 1686 παρεσκευασμένος
781 1594 839 1664 έπλ
857 1593 957 1664 '1le
957 1622 996 1664 αν
1023 1596 1163 1665 ἐ’πλευσε
1183 1617 1215 1666 18

51 1770 56 1774 ,
129 1724 184 1766 και
173 1695 381 1784 ἀποβάς”
341 1724 400 1785 της
412 1695 493 1779 νεώς
507 1696 610 1779 εὐθὺς
624 1697 824 1787 έλοιδορεῑτο
839 1705 934 1781 πάσι,
950 1703 1006 1767 καλ
1018 1700 1165 1783 μάλιστα

129 1807 177 1889 τῷ
195 1802 329 1887 βασιλεῖ
340 1802 530 1889 πρᾳότατον
545 1798 645 1869 αύτὸν
658 1803 713 1868 καλ
726 1797 937 1889 ἡμερώτατον
951 1803 1057 1883 εἰδώς,
1079 1798 1165 1871 ώστε

132 1901 293 1992 ἀσφαλῶς
312 1901 448 1988 ἐτόλμα·
469 1903 578 1991 ἐκείνῳ
596 1903 667 1991 γὰρ,
689 1900 735 1982 ώς
752 1903 848 1986 είκδς,
869 1900 978 1990 ὀλίγον
992 1905 1085 1990 έμελε
1098 1911 1164 1973 τῶν

130 2010 351 2094 βλασφημιῶν
368 2008 423 2071 καλ
441 2002 500 2073 ούκ
516 2003 609 2094 ἠξίου
628 2009 833 2094 φιλοσοφίαν
851 2004 1166 2105 ὑποδυόμενόν-τινα

131 2109 280 2190 κολάζειν
299 2106 356 2175 ἐπὶ
373 2109 497 2197 ῥήμασι
513 2111 569 2174 καὶ
585 2109 730 2192 μάλιστα
747 2113 858 2195 τέχνην
875 2106 913 2174 τὸ
932 2108 1165 2197 λοιδορεῖσθαι

131 2215 365 2298 πεποιημένον.
410 2209 517 2298 τούτῳ
542 2211 577 2277 δὲ
599 2213 654 2276 καί
677 2207 746 2276 ἀπὸ
768 2210 893 2276 τούτων
918 2207 961 2276 τά
986 2217 1045 2298 τῆς
1068 2212 1166 2298 δόξης

131 2310 303 2402 ηύξάνετο·
330 2310 424 2400 παρὰ
445 2317 523 2399 γοῦν
544 2324 615 2392 τοῖς
638 2311 788 2392 ἰδιώταις
805 2315 861 2379 καὶ
883 2316 1104 2402 περίβλεπτος
1126 2304 1165 2402 ἦν

133 2415 190 2484 ἐπὶ
211 2421 251 2504 τῇ
275 2412 433 2503 ἀπονοίᾳ,
461 2420 555 2503 μέχρι
579 2414 617 2502 δὴ
642 2412 660 2482 δ
683 2413 740 2504 τὴν
763 2416 862 2483 πόλιν
889 2413 1166 2501 ἐπιτετραμμένος

40 2596 42 2601 ‚
134 2513 213 2607 ἀνὴρ
236 2516 344 2607 σοφὸς
365 2514 567 2605 ἀπέπεμψεν
589 2514 688 2586 αύτδν
711 2515 861 2605 ἀμέτρως
883 2516 1091 2608 έντροφῶντα
1115 2526 1165 2608 τῷ

82 2700 88 2717 η
131 2623 317 2710 πράγματι,
341 2618 445 2689 εἰπὼν
462 2619 507 2708 μὴ
527 2621 666 2688 δεῖσθαι
686 2619 744 2710 τὴν
768 2622 868 2697 πόλιν
889 2621 1043 2701 τοιούτου
1067 2624 1166 2710 φιλο-

133 2722 261 2811 σόφου.
281 2720 366 2811 πλὴν
385 2720 468 2790 ἀλλὰ
486 2726 656 2791 καὶτοῦτο
674 2723 799 2792 κλεινὸν
819 2720 920 2791 αύτού
938 2725 994 2790 καὶ
1012 2722 1069 2790 διὰ
1087 2723 1166 2791 στό-

131 2832 240 2949 ματος
258 2817 297 2913 ἦν
319 2822 458 2909 ἅπασιν,
488 2822 506 2893 ό
530 2827 720 2915 φιλόσοφος
742 2825 799 2894 διά
820 2824 878 2914 τὴν
899 2832 1088 2914 παρρησίαν
1109 2829 1166 2895 καὶ

131 2927 190 3015 τὴν
217 2923 299 3014 ἀγαν
328 2927 519 3014 ἐλευθερίαν
546 2929 732 3011 ἐξελαθείς
762 2931 818 2995 καλ
848 2929 1056 3016 προσήλαυνε
1082 2926 1167 2996 κατά

132 3037 231 3099 τοῦτο
248 3036 297 3118 τῶ
315 3039 497 3155 Μουσωνίῳ
520 3033 577 3098 καὶ
593 3038 698 3099 Δίωνι
719 3028 799 3098 καὶ
792 3031 970 3130 Επικτήτῳ
989 3034 1094 3098 κάλ’
1068 3032 1102 3100 εί
1115 3057 1167 3112 τις

133 3129 233 3212 ἀλλος
252 3131 284 3199 έν
302 3132 498 3221 περιστάσει
514 3135 650 3221 τοιαύτῃ
669 3133 803 3219 ἐγένετο.

187 3231 279 3303 Ούτω
298 3234 337 3323 δὴ
357 3234 464 3303 έπὶ
429 3263 488 3324 την
497 3232 635 3304 Ἑλλάδα
650 3233 796 3304 έλδών”
774 3261 884 3324 αρτιμ
887 3232 1067 3314 ένἨλείοις
1081 3235 1167 3304 ελοι-
1185 3260 1217 3308 19

135 3334 319 3424 δορεῖτο,”
295 3364 372 3427 αρτι
390 3340 426 3406 δὲ
442 3337 521 3419 τοὺς
530 3334 685 3428 Ἕλληνας
700 3337 835 3405 ἐἰτειθεν
849 3334 1063 3425 ἀντάρασθαι
1077 3332 1167 3405 όπλα

131 3439 316 3525 Ῥωμαίοις,
345 3437 422 3532 ἀρτι
445 3443 481 3510 δέ
503 3438 606 3532 ἀνδρα
627 3443 767 3530 παιδείᾳ
788 3442 845 3508 καὶ
867 3437 1035 3525 ἀξιώματι
1060 3436 1168 3529 πρού-

132 3569 247 3628 χοντα,
273 3545 362 3613 διότι
382 3547 439 3612 καὶ
460 3543 494 3613 έν
515 3559 588 3625 τοῖς
610 3541 724 3624 ἀλλοις
741 3534 778 3611 εδ
797 3543 934 3633 ἐποίησε
955 3541 1014 3632 τὴν
1028 3541 1168 3627 Ἑλλάδα

133 3649 192 3713 καὶ
208 3642 298 3737 ὕδωρ
318 3646 507 3737 ἀπήγαγε
482 3654 521 3715 τύ
510 3645 695 3737 ,Ὀλυμπίᾳ
715 3649 771 3714 καὶ
793 3646 919 3714 ἐ’παυσε
943 3647 1037 3733 δίψει
1060 3642 1167 3711 ἀπολ

135 3752 294 3833 λυμένους
313 3748 391 3829 τοὺς
413 3748 671 3837 πανηγυριστάς,
695 3755 803 3828 κακῶς
823 3746 976 3837 ἠγόρευεν
999 3743 1045 3827 ῶς
1066 3772 1168 3813 κατα-
1244 3751 1247 3755 ’

134 3853 325 3957 θηλύναντα
337 3850 415 3932 τοὺς
419 3846 582 3940 Έλληνας,
599 3849 681 3919 δέον
684 3850 762 3930 τούς
776 3849 903 3929 θεατὰς
915 3857 981 3916 τῶν
986 3847 1168 3934 Ὀλυμπίων
1219 3878 1221 3885 ’

136 3958 361 4045 διακαρτερεῖν
384 3957 567 4042 διψῶντας,
591 3957 647 4020 καὶ
668 3951 704 4042 νὴ
723 3958 789 4020 Δία
810 3978 846 4039 γε
863 3955 919 4019 καὶ
942 3949 1167 4041 ἀποθνήσκειν

134 4055 338 4139 πολλούς’
301 4064 406 4128 αυτῶν
424 4050 492 4128 ὑπο
512 4058 666 4148 σφοδρῶν
683 4063 749 4125 τῶν
766 4056 881 4139 νόσων,
902 4059 938 4124 αι
954 4084 974 4125 τ
976 4061 1037 4136 έως
976 4052 1162 4124 έδιά
1128 4081 1169 4122 το
