2782 4574
127 204 131 211 ’
232 218 298 284 110
617 226 876 286 οοτειιασο

229 338 348 422 μένους
370 331 525 402 ἀπαιτεῖν
545 328 631 402 τατά
653 332 815 422 συλλαβήν
837 332 975 421 ἑκάστην
997 332 1107 422 ἐντελῆ
1128 335 1276 417 πάντως·

230 437 274 505 τά
291 438 452 526 εἰρημένα,
470 433 530 504 κάν
548 437 582 504 εἴ
595 461 629 504 τι
644 434 677 502 ἐν
689 443 737 523 τῷ
751 443 810 523 τῆς
822 437 991 525 ποιήσεως
1000 436 1117 525 δρόμῳ
1133 462 1266 526 παραρ·

122 546 127 554 ’
231 541 418 665 ροένλάθη,
433 544 670 627 πικρῶςτοῦτο
684 537 853 620 ἐξετάζειν,
873 535 941 606 ἀλλ’
953 534 1109 606 είδέναι”
1089 563 1142 605 οτι
1155 539 1266 607 πολλὰ

230 640 326 735 ἡμεῖς
342 645 399 708 καὶ
414 647 481 708 τῶν
497 646 642 769 pamm„
647 640 739 708 ἕνεκα
759 645 815 708 καί
831 647 889 728 τής
911 628 1075 729 εὐφωνίας
1098 639 1268 727 ἐπεμβάλ

231 745 343 828 λομεν,
370 741 413 810 τὰ
431 744 467 810 δὲ
484 745 539 809 καὶ
561 742 600 810 τὸ
623 741 705 823 ἔπος
727 741 808 811 αῦτὸ
831 744 991 822 πολλάκις
1012 740 1085 813 λεῖα
1108 739 1244 810 ἀντα’
1206 768 1268 811 ουκ
1342 776 1346 782 ’

233 841 340 913 αίδ’“
320 870 414 924 οπως
439 846 654 933 παρεδέξατο.
699 844 803 924 σῦέ
767 846 803 912 δέ
828 844 867 913 τὸ
898 835 1107 932 μέγιστον
1079 871 1125 912 ων
1151 844 1268 931 ἐχομεν
1326 832 1332 841 ’

174 970 178 975 ’
233 945 372 1035 ἀγαθῶν
395 944 523 1037 ἀφαιρῇ
545 945 644 1034 ἡμᾶς,
672 950 755 1034 λέγω
779 949 815 1016 δέ
837 946 894 1035 τήν
917 947 1108 1035 ἐλευθερίαν
1130 951 1186 1014 καλ
1206 946 1267 1036 τήν

233 1048 267 1117 ἐν
283 1056 460 1137 τῷποιεῖν
477 1049 643 1130 ἐξουσίαν·
660 1054 716 1117 καὶ
732 1049 775 1117 τὰ
788 1051 847 1134 μὲν
864 1047 949 1117 ἀλλα
961 1047 1022 1133 οῦχ
1036 1047 1116 1139 δρᾷς
1130 1046 1194 1117 ὅσα
1207 1057 1269 1138 τῆς

233 1153 402 1241 ποιήσεως
419 1151 516 1232 καλὰ,
540 1148 781 1237 σκινδαλάμους
799 1153 909 1220 δὲκαὶ
931 1149 1082 1231 ἀκάνθας
1103 1151 1194 1231 τινὰς
1212 1152 1269 1218 ἐκ·

232 1257 337 1341 λέγεις
358 1255 415 1321 καὶ
437 1251 541 1339 λαβὰς
561 1259 600 1342 τῇ
628 1260 831 1343 συκοφαντίᾳ
858 1255 973 1342 ζητεῖς.
1017 1251 1086 1321 ἀλλ’
1102 1252 1140 1322 οῦ
1163 1255 1268 1339 μόνος

233 1363 338 1424 ταῦτα
360 1353 400 1424 σὺ
424 1352 501 1424 οῦδὲ
523 1353 590 1422 κατ’
607 1355 688 1440 ἐμοῦ
710 1357 826 1442 μόνου,
851 1354 935 1424 ἀλλά
952 1359 1073 1425 πολλοὶ
1095 1358 1151 1423 καλ
1169 1354 1268 1423 ἀλλαι

232 1458 275 1526 τὰ
295 1465 354 1526 τοῦ
374 1455 549 1584 ὁμοτέχνου
568 1464 628 1525 τοῦ
646 1456 726 1543 έμοῦ
738 1457 876 1585 Ὁμήρου
893 1460 1134 1541 κατακνίζουσι,
1158 1455 1267 1525 λεπτά

199 1583 215 1632 6
235 1586 321 1628 ουτω
344 1562 462 1650 κομιδῇ
484 1563 540 1627 καὶ
562 1561 709 1645 μάλιστα
729 1561 830 1648 μικρὰ
853 1558 936 1629 άττα
959 1562 1143 1643 διεξιόντες.
1181 1586 1211 1628 ει
1200 1560 1268 1628 '66

232 1666 287 1729 καί
303 1661 364 1750 χρὴ
384 1660 487 1746 ὁμόσε
501 1664 698 1750 χωρήσαντα
719 1670 760 1753 τῇ
783 1664 838 1730 αίτ
818 1670 875 1752 ηι
892 1690 949 1751 την
968 1660 1198 1752 ῦρθοτάτην’
1178 1688 1269 1731 απο-

27 1799 29 1804 ·
118 1830 122 1836 ,
233 1767 307 1850 λογί
307 1790 345 1831 αν
359 1761 649 1852 ἀπολογήσασθαι,
670 1763 850 1852 ἀνάγνωθι,
871 1769 898 1832 ῶ
913 1756 1017 1847 οὗτος,
1034 1764 1078 1833 τὰ
1088 1762 1188 1853 Ἔργα
1200 1790 1268 1890 μου

233 1863 370 1946 καὶτὰς
388 1863 540 1989 Ἡμέρας
567 1867 641 1956 ε’ίσῃ
662 1866 724 1955 γὰρ
748 1863 813 1936 ὅσα
836 1868 868 1936 έν
893 1875 942 1956 τῷ
968 1868 1132 1955 ποιήματι
1156 1868 1267 1956 τούτῳ

233 1975 398 2052 μαντικῶς
414 1964 489 2052 άμα
507 1971 563 2035 καί
584 1977 801 2069 προφητικῶς
818 1975 1109 2057 προτεθέσπισταί
1129 1996 1188 2055 μοι
1204 1970 1268 2050 τὰς

235 2065 421 2155 ἀποβάσεις
442 2072 681 2159 προδηλοῦντα
692 2078 758 2141 τῶν
780 2098 816 2140 τε
828 2069 953 2161 ὀρθῶς
974 2076 1030 2142 και
1051 2070 1135 2140 κατὰ
1152 2071 1268 2161 καιρὸν

233 2177 603 2261 πραττομένωνκαὶτῶν
612 2175 971 2262 παραλελειμμένων
936 2200 996 2255 τας
1010 2175 1135 2262 ζημίας.
1158 2173 1266 2243 καιτδ

335 2275 444 2356 Οισεις
460 2273 493 2343 δ
510 2276 542 2344 ἐν
560 2284 694 2367 φορμῷ,
714 2285 840 2367 παῦροι
857 2279 895 2346 δέ
911 2302 950 2346 σε
967 2279 1165 2366 θηήσονται,

234 2379 290 2444 καί
310 2378 413 2446 πάλιν
434 2374 499 2469 ὅσα
518 2376 633 2467 ἀγαθὰ
654 2385 828 2469 περιέποι
843 2393 915 2461 τοῖς
938 2377 1052 2469 ὀρθῶς
1073 2386 1265 2470 γεωργοῦσι,

230 2481 463 2569 χρησιμωτάτη
483 2478 522 2548 ἀν
539 2487 587 2568 τῶ
602 2487 668 2569 βίῳ
684 2480 823 2571 μαντική
841 2484 1019 2568 νομίζοιτο.
1236 2549 1243 2555 .

200 2604 216 2652 7
285 2597 370 2653 AYK
409 2589 509 2651 Τοῦτο
527 2583 585 2667 μέν
604 2574 669 2665 οῦν,
692 2575 721 2650 ὦ
743 2587 919 2670 θαυμαστὲ
933 2583 1075 2668 Ἡσίοδε,
1098 2588 1154 2653 καλ
1175 2584 1264 2652 πάνυ

233 2681 425 2768 ποιμενικὸν
447 2684 576 2772 εἴρηταί
592 2709 661 2768 σοι,
684 2684 740 2754 καλ
758 2687 980 2776 ἐπαληθεύειν
998 2688 1107 2768 ἐοικας
1123 2686 1181 2777 τὴν
1197 2695 1267 2756 τῶν

233 2793 376 2854 Μουσῶν
399 2785 576 2853 ἐπίπνοιαν
596 2784 698 2868 αῦτὸς
724 2785 798 2856 οὐδ’
814 2785 1060 2878 ἀπολογεῖσθαι
1086 2787 1171 2880 ῦπέρ
1197 2798 1266 2859 τῶν

82 2956 85 2963 ρ
122 2971 127 2975 ρ
235 2885 325 2954 ἐπῶν
343 2883 533 2972 δυνάμενος,
557 2885 651 2978 ἡμεῖς
669 2891 706 2958 δέ
724 2888 762 2958 οῦ
779 2893 900 2981 ταύτην
917 2890 975 2980 τήν
996 2891 1152 2980 μαντικήν
1169 2892 1266 2980 παρὰ

235 2994 295 3056 σοῦ
313 2992 369 3056 καὶ
386 2996 451 3059 τῶν
467 2998 611 3060 Μουσῶν
633 2997 880 3083 περιεμένομεν,
905 2993 980 3062 ἐπεὶ
1001 2995 1046 3062 τά
1066 3020 1110 3081 γε·
1123 3001 1267 3063 τοιαῦτα

234 3089 321 3158 πολὺ
337 3094 574 3184 μαντικώτεροι
589 3091 681 3181 ῦμῶν
699 3097 732 3164 οί
747 3098 896 3186 γεωργοί,
914 3100 971 3164 καί
989 3095 1108 3187 ἀριστα
1125 3098 1268 3183 μαντεύ-

205 3196 208 3201 ’
235 3191 336 3262 σαντ’
356 3192 396 3263 ἀν
417 3193 495 3284 ἡμῖν
520 3200 599 3287 περί
625 3196 746 3281 αῦτῶν,
775 3195 828 3267 ὅτι
852 3194 992 3279 ῦσαντος
1012 3201 1072 3284 μὲν
1096 3206 1157 3268 τοῦ
1179 3206 1266 3268 θεοῦ

234 3293 362 3386 εάθαλή
385 3297 478 3367 ἐσται
499 3298 542 3367 τά
566 3301 751 3391 δράγματα,
775 3297 815 3390 ἢν
836 3302 873 3369 δέ
896 3298 1020 3387 αῦχμὸς
1042 3301 1185 3393 ἐπιλάβῃ
1207 3305 1266 3370 καὶ

235 3399 425 3486 διψήσωσιν
446 3403 482 3469 αί
504 3398 657 3492 ἀρουραι,
685 3402 825 3488 οὐδεμία
845 3403 970 3493 μηχανή
997 3404 1042 3494 μή
1070 3403 1143 3489 οῦχλ
1169 3402 1266 3490 λιμὸν

234 3499 509 3593 ἐπακολουθήσει
530 3512 577 3593 τῷ
600 3507 695 3592 δίψει
717 3502 839 3588 αῦτιῦν,
866 3509 931 3598 καὶΙ
946 3502 998 3574 ὅτι
1025 3505 1064 3575 οὗ
1086 3513 1267 3592 μεσοῦντος

233 3608 358 3695 θέρους
372 3605 433 3696 χρὴ
452 3605 562 3697 ἀροῦν,
581 3604 603 3694 ἢ
621 3603 679 3674 οῦκ
696 3606 736 3676 ἀν
752 3633 787 3676 τι
805 3604 925 3698 ῦφελος
941 3614 1068 3698 γένοιτο
1086 3611 1156 3699 είκή
1174 3609 1267 3693 ἐκχυ-

233 3712 361 3778 θέντων
373 3716 440 3778 τῶν
453 3710 660 3800 σπερμάτων,
675 3707 753 3779 οῦδὲ
766 3706 854 3797 ἀμᾶν
867 3710 917 3781 έτι
926 3710 1054 3803 χλωρὸν
1065 3712 1123 3781 τὸν
1133 3712 1264 3794 στάχυν,

232 3807 255 3898 ἢ
276 3812 367 3880 κενὸν
388 3809 637 3901 εὑρεθήσεσθαι
657 3812 715 3883 τὸν
740 3815 878 3905 καρπόν.
922 3812 961 3883 οῦ
981 3814 1047 3904 μήν
1073 3811 1145 3883 οὐδ’
1161 3813 1267 3881 έκεῖνο

233 3920 388 3998 μαντείας
406 3916 521 3997 δεῖται,
543 3913 589 3996 ῶς
604 3912 644 4005 ἢν
660 3915 706 4006 μή
723 3919 875 4008 καλάψῃς
890 3916 934 3987 τά
947 3923 1122 4005 σπέρματα
1134 3918 1191 3984 καὶ
1201 3923 1268 3983 θε-

234 4015 352 4103 ράπων
366 4019 527 4106 μακέλλην
544 4017 625 4102 έχων
643 4018 789 4112 ἐπιφσρῇ
806 4028 865 4110 τῆς
880 4027 940 4112 γής
952 4018 1075 4105 αὐτοῖς,
1094 4018 1268 4109 καταπτή-
