2748 4572
224 251 332 307 Lvm
357 250 471 305 111202
491 246 581 306 σου
602 226 883 306 mammon
906 250 992 306 ι-ι
1078 239 1133 305 49’

84 363 162 435 τίνα
187 356 250 440 μέν
271 353 402 423 παλαιὰ
423 358 479 422 καί
499 357 627 423 πολλοῦ
651 353 743 436 ἀξια,
770 360 845 423 τίνα
868 356 909 422 δὲ
934 354 1124 445 φαῦλακαί

85 457 197 539 άλλως
216 456 340 547 σαπρδι,
360 458 451 547 εἰμὴ
469 465 517 547 τῷ
536 459 788 547 διαβεβρῶσθαι
800 461 855 525 καλ
871 459 1124 548 κατακεκόφθαι

85 559 175 631 αύτδι
191 567 385 649 τεκμαίροιο
401 563 458 628 καὶ
480 562 686 646 συμβούλους
707 559 786 640 τοῦς
804 567 882 640 σίας
905 559 962 628 sni
979 558 1037 648 τήν
1055 559 1125 643 όξέ-
1222 625 1231 633 .

84 689 183 733 τασιν
201 664 494 754 παραλαμβάνοιςς
512 662 587 732 ἐπεὶ
603 671 663 731 τοῦ
677 660 832 750 ἀκριβοῦς
844 661 865 751 ἢ
877 670 935 730 τοῦ
951 659 1124 753 ἀσφαλοῦς

86 767 120 836 δν
134 764 253 846 αὐτοῖς
264 772 316 845 τίς
328 765 350 854 ἢ
363 772 447 834 ποία
461 767 654 854 διάγνωσις,·
671 767 726 835 ἵνα
741 769 778 834 δέ
790 791 845 838 σοι
859 767 908 832 δῶ
922 763 1008 832 αύτδι
1017 765 1125 835 έκεῖνα
1141 787 1158 836 2

87 875 272 957 κεκρικέναι
294 864 359 936 ὅσα
381 865 399 937 δ
421 872 582 949 Καλλῖνος
604 869 638 950 ἐς
658 871 777 949 κάλλος
799 865 861 957 ήδ
885 866 1038 954 ἀοίδιμος
1053 865 1123 937 λίτ-

85 971 177 1052 τικδς
196 969 256 1039 σὺν
272 970 444 1060 ἐπιμελείᾳ
461 979 500 1061 τῇ
518 973 610 1061 πάσῃ
628 974 801 1061 γράψειαν,
822 975 927 1057 σολτί
944 970 1074 1060 ύφελος,
1094 961 1133 1039 αλ

86 1074 277 1160 θαυμάσιε,
305 1080 365 1140 τοῦ
385 1075 550 1163 κτήματος
577 1072 652 1143 ούτε
674 1075 780 1142 εἰδότι
803 1073 842 1142 τὸ
868 1075 988 1154 κάλλος
1014 1071 1123 1143 αύτῶν

86 1174 164 1246 ούτε
181 1182 373 1263 χρησομένην
392 1178 475 1244 ποτδ
493 1175 586 1244 ούδδν
603 1179 727 1261 μᾶλλον
744 1173 903 1265 ἢτυφλδς
918 1175 958 1245 ἀν
970 1204 1022 1256 τις
1036 1175 1124 1245 ἀπο-

87 1280 222 1349 λαύσειε
244 1280 384 1356 κάλλους
405 1281 586 1363 παιδικῶν,·
613 1278 652 1347 σὺ
677 1282 714 1346 δὲ
736 1277 951 1366 ἀνεῳγμένοις
971 1282 1030 1365 μὲν
1051 1292 1124 1358 τοῖς

87 1379 287 1469 ὀφθαλμοῖς
305 1376 384 1468 δρᾷς
408 1379 450 1447 τδι
466 1385 581 1467 βιβλία
605 1379 642 1468 νή
661 1387 727 1448 Δία
744 1382 945 1469 κατακόρως,
969 1385 1024 1448 καί
1043 1372 1123 1449 ἀναὲ

86 1485 279 1573 γιγνώσκεις
296 1482 365 1550 ἔνια
385 1484 472 1550 πάνυ
491 1482 679 1572 ἐπιτρέχων,
704 1485 893 1572 φθάνοντος
910 1489 969 1549 τοῦ
988 1480 1124 1571 ὀφθαλ-

88 1593 152 1671 μοῦ
169 1584 209 1652 τδ
230 1574 353 1669 στόμα·
373 1581 505 1652 ούδέπω
525 1588 561 1653 δὲ
577 1588 677 1654 τοῦτο’
693 1611 753 1670 μοι
772 1584 888 1667 ἱκανὸν,
913 1582 951 1673 ήν
968 1583 1013 1672 μή
1034 1584 1123 1673 έίδῇς
1206 1653 1211 1662 ,

87 1687 146 1776 τήν
168 1685 288 1775 ἀρετὴν
307 1690 365 1754 καὶ
385 1694 499 1755 κακίαν
521 1687 659 1756 ἑκάστου
685 1696 751 1755 τῶν
777 1687 1040 1776 ἐγγεγραμμένων
1065 1692 1123 1754 καί

88 1788 202 1880 συνιῇς
230 1786 323 1869 ὅστις
347 1791 405 1874 μέν
432 1787 450 1857 δ
478 1796 554 1869 νοῦς
576 1792 741 1874 σύμπασι,
769 1797 820 1869 τίς
843 1788 920 1878 δὲή
943 1792 1036 1872 τάξις
1056 1796 1122 1857 τῶν

87 1892 271 1978 ὀνομάτων,
297 1888 361 1959 ὅσα
377 1917 413 1958 τε
431 1892 516 1978 πρὸς
533 1891 591 1960 τὸν
609 1890 714 1981 ὀρθὸν
732 1896 852 1960 κανόνα
873 1900 921 1979 τῷ
941 1905 1125 1981 συγγραφεῖ

90 1980 406 2084 ἀπηκρίβωταικαλ
415 1989 479 2062 ὅσα
496 1997 634 2083 κίβδηλα
657 1999 712 2062 καί
729 1996 817 2067 νόθα
840 1997 895 2061 καὶ
913 2021 1125 2081 παρακεκομ-Ι

7 2184 8 2187 x
87 2105 180 2183 μένα·
380 2168 384 2175 .
592 2090 595 2095 '

7 2224 9 2233 ¹
146 2207 185 2267 Τί
199 2190 272 2283 οῦν,·
290 2198 357 2288 φῂς
373 2203 429 2267 καὶ
441 2205 546 2267 ταῦτα
559 2198 604 2286 μή
618 2200 740 2284 μαθών
753 2196 830 2286 ήμῖν
844 2198 982 2279 είδέναι;
1000 2197 1120 2278 πόθεν,
1141 2218 1157 2266 3

8 2332 9 2335 ’
91 2303 125 2370 εἰ
142 2302 188 2388 μή
207 2326 287 2369 ποτε
303 2300 398 2388 παρὰ
410 2309 480 2369 ’τῶν
497 2308 640 2369 Μουσῶν
657 2304 765 2367 κλῶνα
784 2301 910 2388 δάφνης
927 2301 1084 2387 καθάπερ
1103 2298 1122 2367 δ

88 2402 216 2492 ποιμήν
234 2404 353 2484 ἐκεῖνος
371 2407 498 2489 λαβών,·
517 2402 671 2472 Ἑλικῶνα
688 2405 747 2487 μὲν
764 2402 839 2493 γὰρ,
865 2403 919 2470 ἵνα
943 2405 1124 2489 διατρίβειν

43 2542 47 2549 ·
89 2507 127 2574 αἱ
143 2509 225 2573 θεαὶ
244 2496 409 2593 λέγονται,Ι
422 2504 498 2574 οῦδὲ
515 2504 655 2593 ἀκήκοας
674 2503 769 2590 οἶμαί
780 2531 863 2573 ποτε
877 2502 954 2572 οῦδὲ
966 2507 1125 2585 τοιαύτας

90 2608 265 2697 διατριβὰς
292 2606 369 2697 ήμῖν
397 2608 430 2677 ἒν
456 2611 575 2677 παισὶν
602 2608 733 2675 ἐποιοῦ·
766 2613 820 2676 σοὶ
851 2612 904 2675 καὶ
931 2615 1125 2695 μεμνῆσθαι

81 2718 233 2779 Μουσῶν
252 2708 395 2779 ἀνόσιον.
432 2709 552 2778 ἐκεῖναι
569 2709 631 2798 γὰρ
650 2717 786 2795 ποιμένι
807 2712 866 2795 μέν
886 2707 943 2777 οῦκ
962 2707 1001 2777 ἀν
1021 2709 1123 2797 ῶκνη-

89 2838 152 2881 σαν
165 2819 319 2902 φανῆναι,
341 2816 468 2902 σκληρῷ
483 2811 576 2903 ἀνδρί
589 2816 645 2879 καὶ
663 2814 760 2879 δασεῖ
775 2816 830 2880 καὶ
843 2810 948 2880 πολύν
960 2812 1017 2880 τὸν
1030 2809 1123 2899 ήλιον

90 2914 149 2984 ἀντὶ
166 2922 214 3003 τῷ
234 2916 365 3000 στόματι
383 2915 590 3005 ἐμφαίνοντι,
616 2915 676 3001 οἵην
697 2916 733 2982 δέ
752 2919 807 2996 σοί
824 2955 866 2965 -
883 2922 940 2980 καί
960 2940 1019 3000 μοι
1037 2913 1124 3003 πρὸς

89 3025 148 3106 τῆς
168 3020 384 3103 Λιβανίτιδος
411 3017 489 3107 ἔφες
516 3017 549 3087 έν
574 3024 621 3105 τῷ
648 3017 790 3106 παρόντι
814 3016 920 3103 τὸμὴ
948 3019 1125 3102 σύμπαντα

90 3127 212 3209 σαφῶς
230 3120 397 3187 εἰπεῖν-
416 3118 486 3189 οὐδ’
504 3118 597 3206 ἐγγὺς
613 3125 772 3208 γενέσθαι
789 3116 863 3185 ποτ>
880 3116 919 3184 ἀν
938 3110 973 3184 εὖ
993 3117 1057 3185 οἶδ’
1071 3115 1125 3185 ὅτι
1155 3158 1161 3163 -

13 3248 14 3265 ²
90 3225 308 3310 κατηξίωσαν,
332 3219 400 3290 ἀλλ’
418 3219 491 3290 ἀντὶ
510 3228 568 3309 τῆς
591 3222 718 3309 δάφνης
739 3226 856 3308 μυρίκη
879 3217 920 3286 ἀν
941 3217 963 3307 ή
984 3223 1040 3289 καί
1060 3245 1126 3304 μα-

91 3326 193 3413 λάχης
215 3325 354 3414 φύλλοις
374 3332 595 3412 μαστιγοῦσαι
618 3317 792 3410 ἀπήλασαν
818 3319 859 3391 ,ἀν
884 3320 942 3388 τδν
964 3328 1122 3403 τοιοῦτον,

96 3424 141 3506 ῶς
167 3424 214 3515 μὴ
241 3434 359 3511 μιᾶναι
383 3430 466 3517 μήτε
491 3426 549 3495 τὸν
570 3424 712 3524 Ὀλμειὸν
737 3426 819 3514 μήτε
844 3423 902 3513 τὴν
927 3433 986 3492 τοῦ
1001 3420 1123 3493 Ἵππου

92 3530 223 3617 κρήνην,
257 3525 344 3618 άπερ
371 3528 393 3619 ή
423 3535 593 3614 ποιμνίοις
620 3530 767 3615 διψῶσιν
798 3525 820 3616 ἢ
852 3530 1018 3614 ποιμένων
1049 3529 1126 3596 στό-

92 3656 176 3714 μασι
195 3638 362 3721 καθαροῖς
378 3633 517 3718 πύτιμα.
548 3637 658 3700 καίτοι
676 3628 748 3699 οὐδ’
761 3631 791 3697 εἰ
808 3631 895 3699 πάνυ
915 3628 1126 3712 ἀναίσχυντος

93 3730 201 3800 εἶκαὶ
224 3730 374 3824 ἀνδρεῖος
394 3735 436 3803 τὰ
457 3741 609 3816 τοιαῦτα,
633 3734 830 3818 τολμήσειας
852 3729 891 3799 ἀν
913 3757 996 3799 ποτε
1019 3732 1125 3797 εἰπεῖν

93 3832 138 3914 ῶς
156 3834 369 3924 ἐπαιδεύθης
389 3834 412 3926 ἢ
434 3838 572 3924 ἐμέλησέ
589 3861 644 3904 σοι
666 3828 807 3902 πώποτε
823 3842 882 3919 τῆς
900 3834 933 3901 ἐν
953 3840 1021 3921 χρῷ
1039 3832 1126 3918 πρὸς

94 3934 134 4001 τδι
151 3941 269 4023 βιβλία
287 3946 477 4021 συνουσίας,
503 3938 525 4027 ἢ
544 3936 590 4019 ῶς
609 3938 808 4014 διδάσκαλός
826 3960 882 4002 σοι
900 3933 917 4002 δ
937 3937 1028 4002 δεῖνα
1050 3926 1088 4022 ήν
1107 3934 1127 4023 ἢ

94 4045 139 4127 τῷ
158 4041 243 4108 δεῖνι
261 4049 469 4135 συνςφοίτας.
506 4039 573 4110 ἀλλ’
590 4040 636 4108 ἑνὶ
654 4040 761 4128 τούτῳ
778 4038 869 4127 μόνφ
888 4040 998 4106 πάντα
1021 4039 1162 4119 ἐκεῖναί

149 4143 244 4191 λιιιίσιιί
256 4144 300 4190 σοί.
310 4144 347 4187 m.
937 4141 956 4194 4
