2792 4580
174 231 311 335 Χ188
493 217 496 220 ’
633 238 890 300 Δοεκῐεσον
992 206 1002 215 ’

247 349 361 441 ἐφεῖτο
387 348 451 424 καίι
468 347 701 438 λοιδορεῖσθαι
725 361 798 427 τοῖς
829 346 1011 427 δεσπόταις
1042 341 1097 415 ἐπ’
1118 344 1276 431 ἐξουσίας,

247 453 348 542 ἔγνως
365 449 404 521 άν
422 448 468 532 ὥς
486 448 680 539 ὀργίζεσθαι
697 457 775 538 γοῦν
793 448 925 539 ἐφεῖταί
941 474 1013 534 μοι,
1036 455 1178 518 τοιαῦτα
1198 448 1214 517 ἐ
1261 491 1279 506 -

246 556 361 645 νήσας,
386 551 444 622 ούκ
462 552 634 634 αίδεσθελς
655 551 775 622 πολιὸν
793 548 881 620 ούτω
902 555 960 621 καλ
980 550 1168 640 πρεσβύτην
1185 552 1278 622 θεόν.

298 676 368 731 ΙΕΡ.
403 655 503 745 Κάγὼ
525 658 645 739 ταῦτα,
670 647 834 745 ὦΚρόνε,
859 651 899 723 ού
920 651 999 743 παρ’
1015 654 1158 740 ἐμαυτοῦ
1180 680 1277 745 φημι,

1389 496 1391 583 η

245 758 325 830 ἀλλ”
338 760 489 861 Ἡσίοδος
510 756 731 849 καλιθμηρος·
759 755 844 827 ὀκνῶ
870 755 933 847 γὰρ
960 760 1063 844 λέγειν
1090 753 1144 826 ότι
1169 757 1281 826 καλοί
1384 806 1392 873 η

245 862 345 932 άλλοι
376 860 520 944 ἅπαντες
550 861 731 953 άνθρωποι
757 859 872 946 σχεδὸν
901 867 1007 928 ταῦτα
1036 860 1279 931 πεπιστεύκασι

247 969 328 1057 περὶ
345 974 417 1035 σοῦ.
1256 970 1260 977 ‘

215 1091 230 1139 6
299 1084 410 1140 KPON.
455 1069 525 1138 Οἴει
551 1066 613 1159 γὰρ
639 1066 696 1135 τὸν
717 1072 861 1152 ποιμένα
883 1066 1017 1148 ἐκεῖνον,
1045 1064 1102 1134 τὸν
1125 1062 1278 1157 άλαζόνα,

249 1168 339 1258 ύγιίς
355 1198 389 1239 τι
398 1175 486 1262 ,περί
504 1170 584 1258 ἐμοῦ
602 1170 724 1239 εἰδέναι
729 1199 741 1254 ,·
760 1170 880 1238 σκόπει
899 1166 935 1237 δέ
952 1165 1069 1248 ούτως.
1102 1165 1174 1237 ἐσθ’
1187 1163 1281 1248 ὅστις

247 1270 432 1362 ἄνθρωπος
449 1312 493 1325 -
510 1272 549 1343 ού
571 1271 634 1362 γάρ
655 1271 739 1343 θεὸν
761 1271 826 1361 ἐρῶ
844 1311 886 1321 -
908 1266 1115 1356 ὑπομείνειεν
1137 1267 1177 1338 άν
1198 1268 1280 1340 ἑκὼν

246 1372 350 1457 ἀύτὸς
366 1390 570 1467 καταφαγεῖν
591 1375 633 1443 τὰ
654 1382 763 1457 τέκνα,
792 1375 823 1442 εί
844 1376 888 1463 μή
911 1399 963 1455 τις
982 1379 1123 1461 θυεστης
1145 1364 1184 1460 ἦν
1202 1370 1280 1441 ἄσε-
1392 1396 1393 1401 ’

248 1484 304 1564 βεῖ
328 1477 463 1569 άδελφηλ
490 1479 699 1568 περιπεσών,
726 1478 756 1545 εἰ
783 1478 897 1546 δὲκαὶ
922 1484 1021 1545 τοῦτο
1047 1482 1177 1564 μανείη,
1205 1482 1281 1556 πῶς

246 1578 403 1669 ’ἀγνοήσει
425 1586 523 1650 λίθον
546 1580 619 1649 άντλ
639 1586 785 1670 βρέφους
807 1578 947 1662 ἐσθίων,
976 1580 1006 1646 εί
1030 1578 1075 1666 μὴ
1100 1576 1281 1665 ἀνάλγητος

163 1757 195 1766 ,¹
249 1684 301 1771 ε’ίη
322 1683 400 1763 τοὺς
423 1681 578 1766 όδόντας,·
605 1680 672 1750 ἀλλ’
690 1679 765 1751 ούτε
787 1681 1035 1770 ἐπολεμήσαμεν
1058 1678 1134 1748 ούτε
1158 1677 1177 1748 ὃ
1198 1679 1281 1761 Ζεύς

243 1790 309 1874 ’βία
325 1784 383 1873 τὴν
397 1780 505 1874 ἀρχὴν,
525 1784 655 1865 ἐνόντος
669 1786 707 1852 δέ
722 1811 785 1869 μου
804 1785 1014 1875 παραδόντος
1034 1781 1123 1872 αύτηλ
1141 1786 1196 1850 καὶ
1213 1781 1281 1851 ύπ-

249 1887 423 1977 εκοτάντος
441 1887 548 1973 άρχει·
567 1884 620 1956 ότι
637 1890 695 1973 μέν
709 1886 770 1975 γὰρ
786 1884 860 1955 ούτε
878 1890 1071 1981 πεπέδημαι
1089 1884 1163 1956 ούτε
1182 1887 1214 1954 ἐν
1231 1893 1281 1974 τῷ

247 1992 411 2080 Ταρτάρῳ
430 1991 513 2077 εἰμὶ,
533 1994 588 2059 καλ
607 1988 707 2071 αύτὸς
727 1987 816 2080 ὁρᾷς,
836 1987 940 2076 οἶμαι,
961 1992 991 2058 εί
1007 1990 1052 2079 μὴ
1070 1988 1196 2080 τυφλὸς
1214 1985 1283 2057 εύσ-
1394 2058 1395 2079 η

242 2112 313 2182 περ
325 2089 462 2182 Ὅμηρος
480 2089 520 2161 ελ.

215 2217 231 2266 τ
300 2212 369 2269 ΙΕΡ.
408 2201 447 2265 Τί
462 2195 588 2265 παθάιν
607 2198 652 2279 δέ,
672 2188 700 2264 ὦ
718 2196 831 2286 Κρόνε,
851 2193 982 2284 ἀφῆκας
999 2193 1055 2283 τὴν
1074 2194 1190 2286 άρχήν,·

300 2315 411 2371 ΚΡΟΝ.
444 2295 525 2387 Ἐγώ
545 2324 600 2368 σοι
618 2300 754 2390 φράσω·
776 2300 891 2384 τὸμὲν
914 2294 990 2367 ὅλον
1012 2303 1115 2387 γέρων
1138 2296 1199 2386 ἤδη
1224 2303 1282 2367 καί

247 2401 418 2492 ποδαγρὸς
435 2398 502 2471 ύτιὸ
521 2410 580 2471 τοῦ
596 2403 715 2493 χρόνου
734 2398 779 2470 τόν
796 2442 838 2452 -
858 2400 911 2469 διὸ
930 2405 986 2468 καὶ
1002 2402 1222 2488 πεπεδῆσθαί
1238 2424 1282 2487 με

251 2505 285 2572 ολ
305 2507 425 2572 πολλοὶ
450 2501 576 2593 ᾔκασαν
599 2524 654 2555 -·
682 2502 721 2572 ού
747 2503 809 2592 γάρ
836 2503 997 2592 ἐδυνάμην
1025 2505 1168 2593 διαρκεῖν
1194 2503 1283 2593 πρὸς

251 2602 338 2675 ούτω
357 2606 482 2696 πολλὴν
499 2607 557 2695 τὴν
575 2604 706 2676 άδικίαν
722 2614 789 2676 τῶν
805 2613 869 2689 νῦν,
894 2602 962 2673 ἄλλ’
980 2604 1035 2674 άελ
1054 2603 1194 2675 ἀναθεῖν
1212 2607 1285 2676 ἐδει

250 2706 318 2778 άνω
336 2713 391 2777 καλ
409 2710 498 2777 κάτω
516 2708 575 2779 τὸν
590 2707 744 2801 κεραυνὸν
764 2711 944 2800 διηρμένον,
968 2708 1047 2790 τοὺς
1064 2709 1242 2798 ἐπιόρκους
1258 2705 1284 2798 ἢ

159 2866 164 2873 ,
253 2812 441 2901 ἱεροσύλους
458 2807 480 2899 ἢ
497 2818 628 2897 βιαίους
644 2815 900 2902 καταφλέγοντα,
919 2815 976 2881 καλ
986 2811 1025 2880 τὸ
1038 2819 1177 2900 πρᾶγμα
1190 2813 1282 2881 πάνυ

227 2926 232 2929 ’
250 2913 390 3002 ἐργῶδες
411 2904 450 3000 ἦν
472 2918 528 2982 καί
549 2917 708 2985 νεανικόν·
732 2915 863 3004 ἐξέστην
881 2907 939 2983 ούν
957 2907 994 2984 εύ
1015 2921 1124 2984 ποιῶν
1145 2922 1193 3004 τῷ
1211 2922 1285 2986 Διί.

250 3018 306 3083 καὶ
328 3013 435 3095 άλλως
458 3018 494 3084 δέ
514 3022 622 3098 καλῶς
645 3018 727 3103 ’ἐχειν
750 3018 858 3088 ἐδόκει
883 3043 943 3104 μοι
970 3019 1182 3103 διανείμαντα
1207 3032 1286 3099 τοῖς

243 3120 349 3187 ’παισὶ
366 3122 473 3209 τρισίν
491 3111 567 3189 ούσι
583 3119 642 3210 τὴν
659 3119 760 3211 ἀρχὴν
777 3118 876 3190 αὐτὸν
896 3118 1100 3205 εὐωχεῖσθαι
1112 3119 1156 3188 τὰ
1168 3120 1287 3190 πολλὰ

250 3219 302 3310 ἐφ’
313 3218 449 3313 ἡσυχίας
467 3221 548 3291 οὔτε
559 3236 630 3303 τοῖς
648 3223 834 3311 εὐχομένοις
854 3226 1094 3314 χρηματίζοντα
1117 3218 1193 3291 ούτε
1209 3221 1286 3295 ὕπὸ

129 3401 132 3415 ,
248 3333 316 3394 τολν
332 3322 490 3395 τᾶναντία
506 3326 684 3396 αἰτούντων
703 3326 932 3413 ἐνοχλούμενον
955 3324 1031 3395 ούτε
1051 3332 1242 3415 βροντῶντα
1259 3321 1288 3414 ἢ

248 3426 484 3518 άστράπτυντα
503 3428 526 3519 ἢ
545 3430 691 3513 χάλαζαν·
713 3429 820 3503 ἐνίοτε
845 3426 1288 3518 βάλλεινλᾶνογκαζόμενον·

249 3529 334 3601 ύλλδι
351 3533 570 3620 πρεσβυτικόν
583 3558 658 3601 τινα
669 3539 787 3602 τοῦτον
800 3529 936 3620 ἥδιστον
952 3530 1026 3618 ’βίον
1041 3532 1154 3619 διάγω,
1176 3531 1288 3622 ζωρό-

193 3652 196 3655 ·
248 3654 343 3726 τερον
354 3641 460 3704 πίνων
472 3633 511 3703 τὸ
525 3640 649 3724 νέκταρ,
664 3642 712 3724 τῷ
722 3634 859 3726 Ἰαπετῷ
868 3640 1005 3716 καὶτοῖς
1018 3628 1288 3723 άλίωιςὴλικιοί-

248 3762 322 3816 ταις
338 3741 641 3826 προσμυθολογῶν·
665 3737 683 3807 ὁ
703 3739 738 3807 δέ
756 3737 849 3828 άρχει
864 3746 967 3827 μυρία
988 3736 1287 3826 έχωνπράγματα.

247 3838 334 3929 πλὴν
347 3838 461 3929 ὀλίγας
472 3841 595 3922 ταύτας
607 3837 731 3933 ἡμέρας
745 3841 795 3932 ἐφ’
808 3841 859 3923 οίς
872 3839 967 3913 εἶπον
981 3837 1208 3922 ύπεξελέσθαι
1219 3863 1289 3924 μοι

250 3941 342 4025 ἐδοξε
358 3946 419 4011 καλ
431 3941 650 4033 ἀναλαμβάνω
672 3945 730 4035 τὴν
752 3942 860 4034 ἀρχὴν,
881 3941 927 4026 ὥς
948 3942 1180 4033 ὑπομνήσαιμι
1200 3939 1290 4020 τοὺς
