2792 4580
246 240 357 297 Lm.
384 240 644 297 ΣΥΜΠοΣιοΝ
664 241 693 296 Η
714 241 1043 299 AA1110A116-20.
1094 230 1160 309 209
1212 216 1215 223 ’

124 349 237 440 ῥήτωρ
257 342 356 416 αὐτοῦ
375 345 487 434 ῥήσεις
503 344 595 426 τινός
617 344 650 413 ἒν
671 349 764 430 μέλει
787 345 909 435 διεξῄει
929 340 1159 437 καλέπηνεῖτα

125 448 196 519 όπὸ
223 455 290 517 τῶν
311 449 452 516 κατόπιν
479 448 674 537 ἐφεστώτων
697 448 840 531 οἰκετῶν,
869 444 887 516 δ
911 449 947 517 δέ
965 446 1118 529 Ἱστιαῖος
1139 444 1158 517 ὃ

124 549 353 642 γραμματικὸς
375 550 566 639 ἐρραψῴδει
583 545 721 636 όστερος
743 557 987 637 κατακείμενος,
998 554 1067 618 ’καὶ
1084 574 1163 619 συν-

125 661 245 745 έφερεν
268 652 301 733 ές
322 651 361 721 τὸ
384 650 465 721 αάτό
486 651 529 721 τὰ
550 653 718 742 Πινδάρου
744 656 801 720 καὶ
818 650 970 721 Ἡσιόδου
997 657 1053 720 καί
1069 651 1162 723 ἰένα-

8 796 11 837 3
40 822 45 830 ,
125 762 291 845 κρέοντος,
316 753 362 836 ὥς
380 755 417 837 ἐξ
433 753 588 825 ἁπάντων
608 760 688 841 μίαν
711 753 797 844 ᾠδῆν
818 758 1015 843 παγγέλοιον
1037 750 1162 822 ἀποτε-

125 863 278 939 λεῖσθαι,
306 859 451 942 μάλιστα
475 855 506 926 δ’
523 858 629 927 έκεῖνα
651 853 764 945 ιόσπερ
791 858 1097 946 προμαντευόμενος
1118 855 1161 924 τὰ

125 965 298 1048 μέλλοντα,

174 1142 182 1165 ἣ
451 1052 517 1123 Σδν
535 1052 567 1122 δ’
584 1054 700 1141 ἔβαλον
719 1054 843 1143 ῥινούς·
943 1144 945 1149 ⁴

127 1166 199 1221 και,

190 1245 296 1317 Ἔνθα
314 1246 345 1316 δ’
362 1245 412 1336 ἀρ’
428 1250 554 1340 οίμωγῆ
571 1277 608 1319 τε
625 1253 682 1318 καί
700 1246 824 1339 εάχωλῆ
843 1253 941 1318 πέλεν
959 1247 1096 1340 ἀνδρῶν.

127 1365 148 1436 δ
166 1369 354 1455 Ζηνόθεμις
372 1365 404 1435 δ’
420 1365 632 1456 ἀνεγίγνωσκε
649 1368 743 1458 παρὰ
760 1375 821 1436 τοῦ
838 1366 962 1448 παιδὸς
979 1366 1090 1452 λαβὼν
1107 1368 1162 1434 λε·
1227 1422 1229 1431 ,

8 1476 12 1515 ³
87 1476 93 1493 ⁸
127 1471 348 1558 πτόγραμμόν
365 1498 399 1538 τι
414 1473 556 1556 βιβλίον.

8 1556 12 1593 ⁵
181 1573 413 1641 Διαλιπόντων
431 1574 467 1640 δέ
485 1570 602 1659 ὀλίγον,
624 1567 737 1662 ὥσπερ
756 1572 911 1653 εἰώθασι,
930 1577 995 1638 τῶν
1012 1595 1161 1661 παρακο·
1178 1588 1212 1639 18

126 1676 291 1761 μιζόντων
303 1672 346 1741 τὰ
360 1672 442 1765 όιψα,
458 1676 689 1767 μηχανώμενος
699 1672 936 1763 Ἀρισταίνετος
948 1670 1027 1760 μηδ’
1040 1672 1159 1742 ἐκεῖνον

8 1754 9 1815 ί
129 1774 258 1865 ἀτερπῆ
276 1774 332 1843 τὸν
349 1775 463 1864 καιρὸν
481 1773 566 1847 εἶναι
586 1779 670 1865 μηδὲ
691 1775 791 1859 κενὸν,
817 1775 963 1843 ἐκέλευσε
980 1774 1038 1844 τὸν
1058 1780 1163 1862 γελω-

8 1876 9 1951 ³
129 1877 270 1951 τοποιὸν
294 1879 490 1953 εἰσελθόντα
512 1879 619 1946 εἰπεῖν
636 1876 709 1967 τιῆ
731 1882 860 1967 πρᾶξαι
880 1881 1018 1965 γελοῖον,
1044 1874 1090 1959 ὥς
1113 1878 1162 1946 ἔτι

8 1988 12 2051 ι
129 1985 256 2068 μᾶλλον
274 1981 307 2047 οί
325 1982 497 2064 συμπόται
515 1981 713 2063 διαχυθεῖεν.
743 1983 799 2047 καὶ
815 1983 990 2067 παρῆλθεν
1010 1977 1163 2069 ἀμορφός

8 2074 9 2121 3
130 2109 183 2163 τις
201 2083 394 2171 ἐξυρημένος
410 2080 468 2171 τῆν
484 2081 637 2172 κεφαλὴν,
658 2080 771 2169 ὀλίγας
785 2082 842 2149 έπὶ
854 2088 894 2171 τῇ
907 2087 1036 2169 κορυφῇ
1048 2087 1162 2169 τρίχας

7 2218 8 2249 ;
132 2183 242 2273 όρθὰς
265 2185 355 2267 έχων.
393 2176 488 2264 οὗτος
511 2182 682 2272 ὠρχήσατό
709 2209 745 2252 ιε
771 2187 938 2250 κατακλῶν
964 2180 1080 2252 ἑαυτὸν
1106 2186 1162 2250 καί

127 2290 351 2375 διαστρέφων,
371 2282 417 2366 ὦς
433 2288 637 2375 γελοιότερος
656 2290 783 2377 φανείη,
803 2288 859 2352 καί
876 2282 1067 2352 ἀνάπαιστα
1085 2309 1164 2371 συγ-

7 2418 8 2425 “
131 2395 256 2476 κροτῶν
276 2391 448 2476 διεξῆλθεν
467 2388 690 2475 αἰγυπτιάζων
707 2394 747 2477 τῆ
766 2392 873 2478 φωνῇ,
897 2389 953 2454 καί
975 2390 1068 2467 τέλος
1086 2386 1163 2455 έπέ-

8 2484 10 2535 Ῐ
129 2517 284 2561 οκωπτεν
311 2490 344 2570 ές
370 2490 447 2570 τοὺς
473 2492 651 2579 παρόντας.
697 2490 729 2557 σί
754 2491 813 2575 μέν
840 2480 896 2557 οὖν
924 2482 1020 2559 ἀλλοι
1045 2488 1162 2578 ἐγέλων
1182 2507 1212 2557 19

129 2592 239 2662 όπότε
254 2601 453 2683 σκωφθεῖεν,
473 2592 548 2661 ἐπεὶ
562 2594 666 2660 δὲκαὶ
684 2592 717 2672 ές
729 2590 786 2660 τόν
797 2588 1032 2677 Ἀλκιδάμαντα
1046 2588 1163 2677 όμοιόν

131 2723 168 2763 τι
186 2692 364 2785 ἀπέρριψε,
384 2700 562 2763 Μελιταῖον
580 2696 722 2763 κυνίδιον
739 2693 935 2782 προσειπὼν
953 2693 1061 2774 αότὸν,
1082 2692 1164 2781 ἀγα-

91 2835 98 2847 »
129 2800 295 2885 νακτῆσας
314 2798 434 2877 ἐκεῖνος
447 2837 490 2847 --
502 2801 558 2865 καὶ
576 2800 690 2865 πάλαι
703 2798 738 2865 δέ
754 2799 850 2886 δῆλος
867 2789 905 2886 ῆν
920 2803 1058 2887 φθονῶν
1072 2794 1164 2884 αὐτῷ

133 2898 362 2985 εὐδοκιμοῦντι
380 2904 436 2967 καί
451 2906 620 2982 κατέχοντι
637 2898 676 2966 τὸ
700 2900 889 2983 συμπόσιον
907 2939 949 2950 -
968 2897 1165 2989 ἀπορρίψας

132 3001 192 3071 τὸν
217 3009 361 3092 τρίβωνα
387 2999 606 3090 προύκαλεῖτό
634 3002 668 3068 οί
692 3002 960 3089 παγκρατιάζειν·
988 3003 1018 3069 εί
1045 3003 1081 3070 δὲ
1107 2999 1162 3090 μὴ,

133 3111 301 3172 κατοίσειν
319 3103 420 3173 αὐτοῦ
439 3104 502 3191 έφη
520 3103 577 3191 τῆν
590 3104 779 3191 βακτηρίάν.
812 3099 898 3169 οὕτω
918 3102 957 3191 δὴ
973 3101 992 3171 ό
1010 3107 1164 3171 κακοδαί-

133 3230 206 3296 μων
223 3214 392 3297 Σατυρίων
410 3247 452 3257 -
469 3212 568 3274 τοῦτο
584 3203 647 3293 γὰρ
672 3203 689 3271 ό
711 3202 937 3291 γελωτοποιὸς
959 3204 1104 3273 ἐκαλεῖτο
1121 3242 1166 3255 -

135 3308 260 3391 συστὰς
282 3311 529 3401 ἐπαγκρατίαζε.
570 3306 685 3375 καὶτὸ
708 3314 846 3396 πρᾶγμα
871 3303 1095 3395 ὑπερήδιστον
1115 3298 1163 3394 ἦν,

129 3414 326 3502 φιλόσοφος
345 3412 424 3501 ἀνὴρ
442 3417 656 3500 γελωτοποιῷ
675 3407 908 3500 ἀνταιρόμενος
919 3413 975 3478 καὶ
987 3415 1097 3479 παίων
1109 3411 1167 3476 καί

131 3516 320 3600 παιόμενος
338 3515 436 3602 έντῴ
452 3521 555 3605 μέρει.
593 3516 810 3606 ολπαρόντες
828 3517 864 3582 δέ
886 3513 920 3582 οἱ
939 3510 1163 3603 μλνῆδοῢντο,
1224 3572 1226 3576 .

134 3618 172 3684 οἱ
195 3619 231 3684 δέ
253 3614 427 3705 έγέλων,”
405 3642 479 3704 αχρι
501 3615 708 3707 ἀπηγόρευσε
730 3618 911 3702 παιόμενος
933 3643 952 3685 ο
940 3612 1167 3699 Αλκιδάμας

136 3716 206 3788 ἀπὸ
226 3726 519 3810 συγκεκροτημένου
543 3718 781 3889 ἀνθρωπίσκου
805 3723 1077 3807 καταγωνισθείς.
1112 3721 1168 3847 γέ·

135 3814 260 3901 λωςῖ
222 3848 278 3890 ουν
295 3823 400 3904 πολὺς
419 3822 592 3910 ἕξεχόθηέ
593 3851 621 3889 π
647 3820 769 3902 αότοῖς.
934 3898 937 3901 ,

186 3923 351 3994 Ἐνταῦθα
368 3927 521 4005 Διόνικος
540 3923 772 4011 ἓπεισῆλθεν“
757 3952 775 3993 ο
792 3922 963 4053 ίατρὸς’
926 3951 964 3993 ου
983 3921 1070 3992 πολὺ
1088 3950 1167 3993 κατ·
1184 3941 1219 3992 20

132 4029 217 4098 όπιν
233 4035 294 4095 τοῦ
312 4026 452 4116 ἀγῶνος·
476 4028 685 4118 ἐβεβραδύκει
703 4020 803 4113 δέ,
777 4056 823 4109 ως
841 4028 977 4118 ε’φασκε,
1002 4029 1166 4119 φρενίτιδι

189 4131 285 4175 λιιιείακῖ
297 4132 339 4174 vol·
351 4130 387 4174 m.
962 4131 997 4187 14
