2748 4572
249 196 300 261 42
582 162 585 165 ’
644 203 899 281 Δοκειικοκ

251 310 420 400 Ὁμηρικὸς
436 315 603 388 νεανίσκος
621 307 813 395 έπιπληξτιέ
827 331 889 392 μοι
903 304 1011 377 εἰπάν
1025 305 1076 389 τό,
1092 303 1160 395 “632
1176 308 1216 377 δέ
1232 315 1294 398 βίη

251 409 419 495 λέλυται,”
438 415 494 481 καί
507 408 675 494 αχαλεπὸν
690 417 792 499 γῆρας
805 406 986 499 κατείληφέ
1004 406 1071 489 aas
1253 431 1262 439 “

300 513 465 605 ἠπεδανὸς
483 515 520 581 δέ
533 514 572 583 νῦ
591 538 646 582 τοι
660 513 834 602 θεράπων,
853 514 991 602 βραδέες
1009 513 1046 579 δέ
1057 537 1112 583 τοι
1125 513 1245 597 ἵπποι,

257 618 292 700 ἐς
309 617 387 699 τοῦς
403 618 513 696 πόδας
530 622 628 687 τοῦτο
642 613 883 687 ἀποσκώπτων.
908 611 979 683 ἀλλ’
991 609 1070 683 όταν
1084 612 1292 705 ἀναμνησθῶ
1313 612 1318 619 “

243 728 316 790 ,τοῦ
333 727 485 810 γέροντος
496 718 620 789 ἐκείνου
630 714 830 806 Ἡρακλέους,
849 718 959 787 πάντα
972 730 1083 789 ποιεῖν
1095 720 1292 805 προάγομαι
1357 734 1361 739 ’

255 827 314 895 καί
331 821 391 894 οῦκ
413 822 571 906 αἰδοῦμαι
592 827 731 889 τοιαῦτα
746 823 887 905 τολμῶν,
911 817 1086 911 ἡλικιώτης
1104 818 1150 889 ὢν
1165 828 1224 908 τῆς
1238 822 1291 891 ,εί-

222 927 365 1006 εκόνας.
406 920 492 995 ὥστε
518 922 609 1009 ίσγδς
633 924 695 1007 μὲν
719 925 775 990 καί
800 924 900 1006 τάχος
924 926 981 993 καί
1004 923 1125 1003 κάλλος
1146 927 1202 991 καὶ
1224 919 1290 997 ὅσα

261 1031 418 1117 σώματος
432 1026 546 1115 άγαθὰ
562 1030 715 1114 χαιρέτω,
734 1028 789 1097 καί
808 1022 941 1113 ’δ’λῦρως
956 1023 976 1094 ό
994 1024 1055 1106 σδς
1073 1017 1100 1094 οῦ
1116 1026 1194 1114 Τότε
1211 1050 1291 1097 παι-

258 1132 333 1221 ητδ,
352 1132 486 1203 εἰσιδών
497 1155 539 1215 με
553 1126 742 1197 ὑποπόλιον
754 1133 876 1215 γένειον
887 1134 1147 1218 χρυσοφαέννων,
1166 1127 1291 1213 είβοό-

253 1239 360 1315 λεται,
372 1236 544 1321 πτερύγων
558 1229 676 1319 δήσαις
688 1236 950 1318 παραπετέσθω,
963 1235 1019 1301 καὶ
1034 1227 1292 1320 δἹπποκλεέδης

254 1336 297 1408 οῦ
325 1349 485 1427 φροντιεῖ.
529 1341 576 1422 τῷ
601 1333 690 1421 ,λόγῳ
715 1334 754 1401 δέ
779 1339 834 1402 νῦν
861 1330 901 1402 δν
922 1334 1066 1419 μάλιστα
1088 1332 1211 1425 άνηβῦιν
1230 1337 1291 1405 καί

255 1438 376 1511 ἀνθεῖν
393 1443 449 1509 καὶ
465 1435 621 1522 άνμάζειν
638 1432 715 1503 καθ’
732 1431 820 1525 κόραν
842 1437 893 1524 εἴη
911 1441 966 1504 καὶ
989 1437 1089 1507 δ’λκειν
1110 1434 1291 1506 τῶν-τόσων

255 1539 358 1621 όοους
377 1538 416 1608 ἂν
438 1543 614 1618 πλείστους
637 1538 784 1637 δύνηται,
807 1542 862 1605 καλ
879 1541 1024 1622 τοξεύειν
1045 1540 1218 1620 πολλάκις,
1243 1535 1291 1619 ιῦς

256 1640 406 1731 οῦδένγε
425 1646 498 1725 δέος
514 1640 560 1732 μὴ
576 1645 735 1721 κενωθείς
752 1643 857 1710 λάθοι
871 1640 893 1710 ό
911 1641 1057 1733 γωρυτὸς
1074 1640 1175 1731 αῦτηλ.

305 1746 396 1835 Ὁρᾷς
419 1742 513 1826 ὅπως
534 1750 805 1831 παραμυθοῦμαι
825 1743 883 1832 την
904 1743 1031 1833 ἡλικίαν
1052 1749 1108 1813 καὶ
1129 1744 1168 1813 τό
1187 1751 1291 1834 γῆρας

254 1849 296 1918 τὸ
320 1848 473 1934 ἐμαυτοῦ.
513 1850 569 1915 καὶ
591 1844 648 1914 διὰ
667 1853 767 1915 τοῦτο
792 1846 958 1935 ἐτόλμησα
981 1848 1090 1917 πάλαι
1113 1851 1292 1936 νενεωλκη·

254 1957 354 2037 μένον
375 1950 414 2020 τὸ
437 1947 573 2019 ἀκάτιον
594 1950 812 2031 κατασπάσας
833 1953 889 2019 καί
911 1948 946 2019 ἐκ
966 1952 1032 2019 τῶν
1055 1949 1192 2021 ἐνόντων
1213 1949 1291 2020 ἐπι-

208 2120 211 2125 .
250 2054 421 2134 σκευάσας
438 2045 541 2132 αὖθις
559 2050 695 2141 ἀφεῖναι
713 2051 746 2132 ἐς
762 2058 863 2138 μέσον
879 2050 919 2120 τδ
937 2057 1089 2141 πέλαγος.
1112 2056 1176 2142 εἴη
1195 2050 1240 2136 δ’,
1259 2044 1290 2121 ὦ

254 2159 350 2233 θεοὶ,
370 2159 425 2223 καλ
442 2155 484 2223 τὰ
501 2153 579 2243 παρ’
596 2152 687 2245 ὑμῶν
705 2154 887 2240 ἐμπνεῦσαι
903 2148 1011 2237 δεξιὰ,
1036 2151 1082 2236 ὥς
1098 2162 1155 2224 νῦν
1169 2181 1207 2243 γε
1223 2157 1292 2240 μά-

254 2261 354 2329 λιστα
368 2262 569 2347 πλησιστίου
586 2283 623 2326 τε
640 2284 696 2326 και
685 2258 834 2329 εσθλοῦ
847 2258 978 2347 ἑταίρου
991 2255 1113 2344 ανέμου
1128 2259 1290 2345 δεόμεθα,
1361 2266 1362 2271 ’

254 2361 324 2442 ι’να,
351 2360 383 2431 εί
405 2358 494 2443 άξιοι
516 2385 616 2449 φαινο
619 2365 736 2445 ί,μεθα
764 2356 860 2438 καί
840 2374 918 2449 ημῖν
937 2360 978 2430 τὸ
998 2358 1162 2450 Ὁμηρικὸν
1184 2360 1291 2430 δοιεινο

254 2461 505 2551 ἐπιφθέγξηταί
520 2488 584 2543 τις,

384 2565 460 2653 Οῗην
479 2563 514 2631 ἐκ
531 2565 689 2655 ῥακέων
673 2590 691 2631 ο
709 2569 811 2654 γέρων
830 2563 1021 2652 ἐπιγουνίδα
1036 2571 1160 2655 φαίνει.

146 2850 155 2858 ·
287 2821 414 2889 ΠΕΡΙ
436 2820 533 2890 ΤΟΥ
556 2819 837 2913 ΗΛΕΚΤΡΟΥ
858 2821 895 2889 Η
913 2821 1014 2895 ΤΩΝ
1034 2820 1258 2890 ΚΥΚΝΩΝ.
1355 2847 1362 2862 ·

225 2999 240 3046 1
309 2972 478 3064 Ἠλέκτραν
501 2980 579 3060 πέρι
600 2977 656 3044 καί
680 2971 766 3060 ῦμάς
789 2972 913 3063 δηλαδὴ
940 2972 959 3043 δ
985 2982 1097 3061 μῦθος
1120 2981 1293 3058 πέπεικεν,

258 3078 423 3168 αἰγείρους
440 3077 498 3146 έπί
515 3084 562 3165 τῴ
577 3074 735 3167 Ἠριδανῷ
753 3083 896 3165 ποταμῷ
916 3078 1066 3168 δακρύων
1083 3075 1178 3160 αὐτὸ,
1198 3084 1296 3168 θρη-

257 3182 379 3261 νοῦσας
400 3181 457 3250 τὸν
482 3174 669 3261 Φαέθοντα,
677 3182 749 3248 Ικαί
771 3176 918 3270 άδελφάς
938 3205 976 3267 γε
997 3178 1083 3252 εἶναι
1103 3180 1165 3261 τὰς
1187 3180 1295 3268 αἰγεί-

255 3309 335 3372 ρους
353 3282 475 3363 έκείνας
492 3289 551 3353 τοῦ
572 3288 774 3364 Φαέθοντος,
798 3280 869 3350 εἶτα
890 3280 1145 3370 ὀδυρομένας
1111 3310 1151 3352 το
1173 3283 1295 3374 μειρά-

253 3411 327 3452 κιον
346 3384 525 3472 άλλαγηναι
547 3384 636 3464 ές
600 3410 643 3451 τα
665 3385 795 3475 δένδρα,
818 3389 873 3453 καὶ
893 3382 1093 3468 ἀποστάζειν
1114 3386 1220 3469 ἔνι’
1182 3395 1294 3457 αυτιῦν

256 3487 396 3611 δάκρυον
409 3485 561 3573 δῆθεν
528 3512 566 3553 το
581 3482 743 3575 ἤλεκτρον.
765 3479 904 3557 τοιαῦτα
916 3485 978 3577 γὰρ
993 3487 1108 3573 άμέλει
1120 3492 1176 3557 καὶ
1190 3487 1295 3570 αῦτδς

257 3586 386 3656 άκοόων
402 3594 468 3657 τάν
486 3595 634 3676 ποιητῶν
652 3586 799 3679 ᾀδόντων
816 3587 963 3678 η’λπιζον,
989 3593 1022 3659 εἲ
1035 3615 1121 3659 ποτε
1136 3596 1295 3680 γενοίμην

257 3691 316 3763 επὶ
331 3718 379 3780 τῳ
364 3687 560 3779 Ἠριδανῷ,
579 3687 835 3778 ῦπελθὼνίμίαν
851 3699 917 3761 τῶν
934 3693 1088 3783 αἰγείρων
1106 3693 1296 3776 ἐκπετάσας
1344 3784 1345 3787 ¹

256 3792 295 3863 τὸ
326 3795 532 3883 προκόλπιον
562 3790 791 3876 ῦποδέξεσθαι
819 3801 885 3863 τεόν
916 3796 1065 3886 δακρόων
1096 3791 1204 3883 όλίγα,
1243 3793 1296 3877 ιῦς

221 3919 239 3967 2
258 3894 410 3985 ἤλεκτρον
428 3895 545 3981 όχοιμι.
580 3899 636 3964 καί
654 3895 694 3986 δη
713 3894 752 3965 οῦ
770 3894 837 3986 πρὸ
849 3900 983 3967 πολλοῦ
1001 3895 1070 3966 κατ’
1081 3895 1163 3967 ἄλλο
1180 3902 1240 3982 μέν
1258 3925 1295 3967 τι
1344 3920 1345 3925 ’

245 4004 359 4090 Ιγρέος,
379 3990 455 4087 ἧκον
474 4001 510 4067 δὲ
529 3994 619 4084 ῦμως
638 3999 671 4079 ἒς
687 4002 729 4066 τὰ
743 4006 851 4091 χωρία
869 3999 988 4085 ἐκεῖνα,
1008 4004 1124 4070 καλ-
1142 3999 1210 4068 ἔδει
1227 3997 1294 4090 γὰρ
