2782 4574
425 209 534 266 LXIX.
561 208 779 266 APAHM'AI
801 208 886 265 1-5.
1107 197 1172 265 175

137 318 251 388 δοκλεί
271 311 338 404 πρὸ
362 310 465 383 αὐτοῦ
487 313 643 402 ἐγκαλεῖν,
672 315 710 396 ὃς
730 314 765 397 ἐς
785 312 864 395 τούς
885 318 1047 406 κρατῆρας
1070 308 1171 404 ἥλατο

136 424 193 489 καὶ
212 415 313 497 αύτὸς
330 416 363 485 ἓν
380 420 523 507 Σικελίᾳ.
774 442 779 457 ’

189 536 304 593 ΑΠΟΔ.
338 524 564 609 Μελαγχολίαν
585 519 667 625 τινόιἱ
682 519 789 610 δεινὴν
812 520 926 609 λέγεις.
965 517 1051 609 άτόιρ
1069 512 1173 618 Ιοὗτός

134 651 175 716 γε
192 631 266 693 τίνα
284 624 368 693 ποτὲ
385 622 450 710 άρα
468 622 526 713 τὴν
543 624 652 693 αἰτίαν
670 624 743 708 έσχε
759 630 818 713 τῆς
835 623 1037 709 έπιθυμίας;

190 744 296 799 ΖΕΥΣ.
320 725 435 795 Αύτοῦ
454 751 510 796 σοι
526 728 623 817 λόγον
641 727 715 815 ίρῶ,
736 726 773 796 ὃν
790 727 878 810 ἔλεξε
894 725 981 814 πρὸς
993 725 1051 816 τὴν
1064 729 1171 818 πανή-

135 856 230 921 γυριν
258 827 526 918 ἀπολογούμενος
551 827 638 921 πρὸς
665 827 785 910 αύτούς
810 826 895 917 ὑπὲρ
921 837 979 918 τῆς
1008 834 1168 920 τελευτῆς.

136 934 203 1023 ἔφη
229 930 306 1022 γὰρ,
334 934 368 1001 εἰ
389 957 427 1021 γε
451 936 682 1021 μέμνημαι...
702 984 711 1001 .
748 929 832 1001 άλλόι
856 940 907 1014 τίς
933 930 1014 1021 αὕτη
1037 937 1205 1025 σπουδῇε

135 1037 297 1123 πρόσεισι
317 1040 537 1125 τεταραγμένη
559 1039 616 1105 καί
637 1036 840 1125 δακρύουσα,
863 1038 951 1105 πάνυ
974 1033 1169 1127 ἀδικουμένῃ

136 1139 283 1223 ἰσικυῖα,·
305 1140 484 1223 μᾶλλονδὲ
503 1142 690 1229 Φιλοσοφία
708 1139 779 1208 ἐστὶ
795 1142 851 1207 καί
872 1137 1018 1226 τούνομά
1039 1166 1075 1228 γε
1093 1138 1171 1209 τοῦ-

135 1240 202 1328 μὸν
220 1241 398 1327 ίπιβοᾶται
420 1243 664 1326 σχετλιάζουσα.
699 1248 747 1323 τί,
772 1233 799 1309 τό
817 1242 979 1332 θύγατερ,
1003 1244 1170 1333 δακρύεις,

133 1340 158 1432 ἢ
178 1350 213 1410 τί
229 1340 446 1412 ἀπολιποῦσα
463 1342 520 1412 τὸν
538 1351 612 1432 βίον
630 1344 812 1432 ἐλήλυθας,
835 1337 900 1434 ἆρα
917 1344 962 1434 μὴ
986 1345 1019 1412 οἰ
1037 1345 1171 1413 ἰδιῶται

136 1437 243 1526 αὖθις
265 1445 560 1533 ἐπιβεβουλεύκασί
576 1471 632 1516 σοι
643 1445 695 1537 ,ὡς
712 1447 750 1516 τὸ
768 1449 930 1536 πρόσθεν,
950 1443 1006 1515 ὅτε
1022 1446 1080 1516 τὸν
1096 1458 1171 1516 Σω-

135 1549 258 1639 κράτην
276 1547 470 1618 ἀπέκτειναν
488 1547 555 1618 ύπὸ
566 1547 694 1618 Ἀνύτου
708 1555 983 1640 κατηγορηθέντα,
1004 1547 1075 1618 εἶτα
1089 1550 1170 1640 φεύ-

136 1677 208 1741 γεις
225 1650 282 1719 διὰ
299 1658 399 1720 τούτο
417 1649 554 1736 αύτούςς

127 1816 133 1825 .
192 1769 413 1827 ΦΙΛΟΣΟΦΙΑ
455 1753 553 1824 Ούδέν
574 1761 738 1841 τοιοῦτον,
767 1748 939 1846 ὦπάτερ,
968 1753 1036 1825 ἄλλ’
1053 1755 1171 1826 ἐκείνου

135 1857 198 1959 μέν
217 1854 235 1925 ό
253 1856 358 1938 πολύς
375 1855 458 1938 λεὼς
476 1857 616 1947 ἐπῄνουν
633 1863 688 1927 καὶ
705 1858 764 1929 διὰ
776 1867 874 1948 τιμῆς
887 1850 965 1949 ἦγον
979 1859 1172 1945 αἰδούμενοι

135 1963 196 2028 καὶ
213 1961 439 2046 θαυμάζοντές
456 1987 498 2046 με
515 1964 571 2029 καὶ
587 1966 760 2048 μονονουχὶ
778 1970 1048 2053 προσκυνοῦντες,
1068 1963 1099 2031 εἰ
1115 1966 1171 2030 καὶ
1185 1978 1189 1994 “

135 2063 184 2151 μὴ
203 2064 336 2153 σφόδρα
354 2070 505 2133 συνίεσαν
524 2056 571 2132 ὦν
587 2068 724 2153 λέγοιμι.
762 2065 794 2132 ολ
812 2066 857 2147 δὲ,
876 2072 951 2145 πῶς
969 2062 1009 2132 άν
1023 2060 1171 2151 ε’ίποιμιζ·

136 2165 174 2233 οἱ
192 2166 347 2254 συνήθεις
363 2170 420 2235 καί
437 2170 532 2257 φίλοι
550 2168 732 2256 φάσκοντες
749 2164 834 2235 εἰναι
855 2171 910 2234 καὶ
931 2162 1076 2251 τούυομα
1093 2162 1170 2234 τού-

1 2355 8 2366 ,
134 2266 202 2349 μὸν
219 2265 450 2361 ὑποδυόμενοι,
471 2269 590 2339 έκεῑυοί
604 2296 646 2356 με
663 2269 706 2338 τὰ
724 2269 897 2338 δεινότατα
915 2269 1117 2359 εἰργάσαντο.

191 2387 294 2442 ΖΕΥΣ.
314 2448 322 2454 ,
339 2373 378 2441 Οἰ
408 2373 594 2463 φιλόσοφοι
624 2367 804 2462 ἐπιβουλήν
830 2398 906 2441 τινα
937 2371 1206 2459 ἰπιβεβουλεύ-ι

135 2480 219 2542 κασί
235 2499 289 2543 σοι
295 2505 306 2558 ,·

195 2594 269 2649 ΦΙΛ.
305 2576 479 2665 Οὐδαμῶς,
500 2571 527 2647 ὦ
544 2580 665 2668 πάτερ,
690 2578 726 2648 οἵ
740 2604 777 2666 γε
794 2579 1023 2668 συνηδίκηνταί
1039 2603 1098 2664 μοι
1115 2580 1171 2646 καί

139 2676 249 2749 αύτοί.

193 2799 296 2855 ΖΕΥΣ.
331 2782 421 2870 Πρὸς
441 2792 539 2854 τίνων
557 2775 618 2853 οὖν
634 2780 802 2873 ἠδίκησαι,
827 2785 856 2853 εἰ
877 2786 959 2874 μήτε
980 2783 1058 2862 τοὺς
1077 2782 1172 2850 ἰδιού-

139 2911 204 2966 τας
220 2887 302 2975 μήτε
319 2885 397 2966 τοὺς
415 2887 624 2975 φιλοσόφους
642 2886 751 2976 αἰτιᾷ,·

195 3003 270 3060 ΦΙΔ.
305 2989 385 3056 Εἰσί
401 3014 495 3070 τινες,
516 2980 629 3071 ὦΖεῦ,
650 2988 683 3058 έν
700 2995 885 3078 μεταιχμίῳ
901 2996 968 3060 τῶν
983 3015 1021 3058 τε
1038 2992 1172 3059 πολλῶν

138 3093 285 3161 καὶτῶν
307 3091 589 3182 φιλοσοφούντων,
616 3090 655 3160 τὸ
677 3093 737 3176 μὲν
759 3099 868 3180 σχῆμα
887 3095 944 3161 ’καί
965 3096 1095 3178 βλέμμα
1116 3095 1173 3159 καὶ

137 3193 291 3282 βάδισμα
308 3191 385 3282 ἡμῖν
403 3189 514 3279 ὅμοιοι
532 3197 588 3261 καὶ
604 3191 689 3262 κατὰ
705 3192 750 3261 τὰ
766 3190 850 3261 αύτὰ
868 3191 1075 3277 ἐσταλμένοι·
1100 3190 1172 3275 άξε-

140 3301 220 3379 ρῦσι
240 3304 316 3384 γοῦν
337 3294 393 3366 ὕπ’
410 3296 485 3383 ἐμοὶ
505 3298 690 3367 τάττεσθαι
711 3298 767 3363 καὶ
788 3293 934 3379 τούνομα
955 3292 995 3362 τὸ
1016 3292 1173 3384 ἡμέτερον

136 3397 394 3490 ἰπιγράφούται,
411 3403 564 3491 μαθηταὶ
580 3403 636 3469 καὶ
653 3397 808 3488 ὁμιληταὶ
825 3402 880 3466 καὶ
893 3402 1064 3487 θιασῶται
1080 3394 1173 3484 ἡμῶν

140 3499 405 3591 εἰναιλέγοντες·
425 3501 443 3573 ὃ
461 3511 534 3592 βίος
553 3506 589 3573 δέ
606 3508 800 3593 παμμίαρος
814 3499 931 3584 αὐτῶν,
952 3498 1105 3587 άμαθίας
1117 3503 1173 3567 καί

138 3605 295 3695 θράσους
316 3611 371 3674 καὶ
393 3598 564 3697 άσελγείας
585 3606 771 3689 ἀνάπλεως,
794 3602 889 3692 ὕβρις
911 3601 949 3673 ού
971 3598 1172 3692 μικρὰκαθ

137 3705 250 3797 ἡμῶν·
268 3706 336 3778 ύπδ
353 3710 490 3794 τούτων,
510 3702 538 3777 ὦ
555 3711 671 3800 πάτερ,
690 3707 864 3797 ἠδικημένη
882 3713 1044 3796 πέφευγα.
1089 3792 1096 3805 .

196 3826 301 3884 ΖΕΥΣ.
328 3809 429 3884 Δεινὰ
441 3819 555 3896 ταῦτα,
576 3804 773 3900 ὦθύγατιρ.
801 3807 931 3905 άλλὰτί
942 3808 1088 3893 μάλιστα
1100 3802 1207 3896 ᾔδεε

140 3916 265 4007 κήκασί
282 3941 336 4000 σες

196 4036 273 4092 ΦΙΔ.
298 4019 433 4102 Σκόπει,
454 4009 615 4107 ὦπάτερ,
636 4015 666 4085 εἰ
682 4014 793 4105 μικρά.
825 4011 865 4082 σὺ
883 4011 945 4104 γὰρ
962 4009 1103 4082 κατιδών
1115 4010 1171 4081 τὸν
