2792 4580
207 233 329 292 LXXII.
355 237 374 274 ὓ
390 236 490 293 ΠΕΡΙ
507 237 593 293 ΤΗΣ
609 237 767 294 ΣΥΡΙΗΣ
785 238 901 295 ΘΕΟΥ
917 236 1037 295 11-15.
1080 224 1154 290 223'

113 342 234 414 τούτου
258 344 387 428 λέγεται
407 342 506 429 λόχος
523 339 592 411 ὐπὸ
614 350 680 411 τῶν
703 343 736 412 έν
756 343 869 439 τῇίρῇ
890 342 973 412 πάλι
994 340 1145 430 μτχάλως

114 444 208 529 άξιος
235 444 411 528 θωμάσαι,
441 440 494 513 ὅτι
520 444 553 514 έν
577 452 618 534 τῇ
643 451 787 535 σφετέρῃ
811 446 902 536 χάρη
922 447 1036 531 χάσμα
1060 451 1147 534 μέγα

114 548 240 637 ἐγένετο
257 545 368 615 καὶτὸ
388 547 521 632 σύμπαν
542 544 632 636 ύάωρ
654 550 864 631 κατεδέξατο·
887 552 1074 618 Δευκαλίων
1097 549 1143 631 δὲ,

113 651 190 721 ἐπεὶ
206 651 286 718 τάδε
303 648 439 738 ἐγένετο,
459 652 593 736 βωμούς
610 676 646 720 τε
664 652 763 720 ἔθετο
781 654 837 721 καὶ
852 650 930 740 νηὸν
948 651 1006 721 ἐπὶ
1022 658 1071 739 τῷ
1086 652 1147 734 χά·

113 748 326 841 σματιἮρης
344 748 437 840 άχιον
455 753 627 842 ἐστήσατο.
655 753 719 842 ἐγὼ
738 756 845 822 δὲκαὶ
862 753 901 823 τὸ
919 756 1032 840 χάσμα
1045 750 1144 836 είδον,
1232 822 1237 827 ,

111 860 167 925 καὶ
186 857 258 924 ἔστι
274 853 342 924 ὐπὸ
359 864 407 944 τῷ
424 863 491 944 νηῷ
508 857 612 943 κάρτα
629 857 754 944 μικρόν.
783 858 813 925 εἰ
829 858 888 954 μέν
907 849 952 926 ὦν
969 858 1077 925 πάλαι
1089 859 1146 925 καί

112 966 197 1047 μέγα
216 958 269 1027 έὸν
286 965 342 1028 νῦν
358 959 497 1028 τοσόνδε
515 958 649 1045 ἐγένετο,
670 957 729 1035 οὐκ
747 958 837 1028 olda·
855 959 894 1029 τὸ
914 960 950 1055 δέ
968 958 1143 1047 ίμὼἐίύον,
1187 956 1199 974 ’

112 1062 230 1151 μικρόν
249 1061 329 1129 ἐστι.
366 1068 455 1149 σῆμα
473 1064 509 1129 δέ
526 1069 585 1151 τῆς
604 1064 750 1150 ἱστορίης
766 1064 844 1131 τάδε
866 1064 1070 1152 πρήσσουσι·
1095 1065 1147 1142 δὶς

114 1163 253 1231 ἑκάστου
273 1164 362 1243 ’έτεος
380 1164 414 1232 έκ
432 1166 608 1252 θαλάσσης
625 1161 714 1254 ὐύωρ
733 1166 766 1245 ές
783 1165 840 1233 τὸν
853 1166 930 1253 νηὸν
944 1163 1145 1234 ἀπικνέεται.

113 1269 256 1357 φ’έρουοι
269 1268 306 1333 δὲ
320 1264 379 1334 οὐκ
394 1267 476 1358 ίρέες
489 1275 619 1352 μούνου,
635 1267 718 1335 ἀλλὰ
727 1275 822 1336 πᾶσα
831 1274 932 1358 Συρίη
942 1265 1144 1354 καὶᾍραβίη,

16 1388 17 1393 ’
113 1372 169 1436 καὶ
186 1366 334 1457 πέρηθεν
350 1377 409 1437 τοῦ
426 1367 609 1458 Εὐφρήτεω
628 1372 749 1438 πολλοὶ
767 1368 945 1459 άνθρωποι
963 1369 996 1448 ές
1015 1371 1147 1438 θάλασ-
1245 1366 1249 1369 ’

114 1496 176 1540 σαν
194 1471 343 1561 ἔρχονται
359 1475 415 1539 καὶ
432 1473 553 1552 πάντες
570 1468 660 1559 ύδωρ
679 1479 828 1562 φέρουσι,
848 1471 886 1541 τὸ
904 1479 1023 1560 πρῶτα
1040 1474 1099 1557 μὲν
1114 1471 1147 1539 ἒν

113 1582 161 1662 τῷ
184 1581 252 1662 νηῷ
274 1574 434 1658 ἐκχέουσι,
456 1575 541 1661 μετὰ
560 1576 596 1642 δέ
615 1575 648 1654 ές
668 1574 707 1643 τὸ
728 1577 841 1660 χάσμα
863 1581 1067 1665 κατέρχεται,
1091 1576 1148 1641 καὶ

115 1679 244 1746 δέκεται
261 1676 300 1745 τὸ
312 1679 424 1762 χάσμα
442 1677 557 1767 μικρὸν
572 1677 625 1746 ὐὸν
642 1675 763 1759 ὐδατσς
777 1686 887 1769 χρῆμα
905 1680 1039 1747 πολλάν.
1066 1676 1147 1745 τάδε

16 1788 18 1819 ³
113 1772 285 1860 ποιέοντες
306 1771 517 1849 Δευκαλίωνα
546 1780 578 1849 έν
605 1788 653 1869 τῷ
680 1782 741 1870 ίρῷ
768 1782 863 1849 τόνδε
888 1782 988 1867 νόμον
1014 1785 1147 1849 θέσθαι

113 1886 257 1972 λέγουσι,
278 1889 451 1972 συμφορῆς
468 1909 504 1951 τε
521 1887 577 1951 καὶ
594 1882 779 1974 εὐεργεσίης
796 1892 906 1974 μνῆμα
924 1884 1070 1970 ἔμμεναι.

164 1983 194 2054 ‘0
215 1987 274 2070 μέν
296 1976 343 2055 οὐν
366 1984 501 2072 ἀρχαῖος
524 1984 656 2055 αὐτοῖσι
677 1989 775 2075 λόχος
798 1987 885 2077 ἀμφὶ
901 1995 962 2055 τού
987 1987 1059 2074 ίροῦ
1077 2013 1148 2055 τοι-

115 2089 195 2156 όσδε
214 2087 293 2156 ἐστί.
332 2085 427 2156 άλλσι
449 2090 684 2175 ὐέΣεμίραμιν
706 2089 763 2177 τήν
780 2093 1001 2176 Βαβυλωνίην,
1025 2095 1084 2176 τῆς
1107 2086 1145 2175 δὴ
1166 2110 1200 2157 14

114 2189 224 2258 πολλὰ
243 2190 320 2280 έρχα
334 2191 368 2259 έν
379 2198 418 2283 τῇ
428 2187 512 2280 Ἀσίη
527 2191 606 2273 ἐστὶ,
625 2192 746 2279 ταύτην
759 2195 812 2259 καὶ
826 2189 955 2259 τόδετὸ
969 2190 1043 2270 ἕδος
1057 2190 1149 2257 ε’ίοα-

116 2301 203 2363 σθαι
220 2294 402 2380 νσμίζουσι,
427 2291 485 2362 οὐκ
495 2290 574 2383 Ἥρη
594 2296 630 2362 δὲ
648 2294 823 2376 εἵσασθαι,
848 2291 932 2362 ἀλλὰ
948 2296 1048 2382 μητρὶ
1066 2291 1150 2359 έωυ·
1254 2375 1257 2381 ¹
1377 2286 1379 2289 ’

113 2403 183 2484 τῆς,
202 2403 260 2484 τῆς
277 2396 425 2485 Δερκετὼ
444 2393 578 2482 οὐνσμα.
610 2405 789 2487 Δερκετοῦς
807 2399 842 2465 δὲ
861 2393 948 2476 εἶδος
966 2392 999 2463 έν
1016 2400 1147 2484 Φοινίκη
1245 2438 1248 2445 ’

116 2496 315 2587 ἐθεησάμην,
336 2505 448 2587 θέημα
466 2501 578 2581 ξεῖνον,
598 2497 719 2588 ἡμίσεα
735 2503 794 2586 μὲν
812 2499 898 2589 γυνή,
917 2497 957 2568 τὸ
977 2500 1013 2567 δὲ
1030 2496 1149 2567 ὁκόσον

115 2601 151 2669 ἐκ
169 2608 280 2691 μηρῶν
298 2601 331 2682 ἐς
345 2599 464 2692 άκρους
477 2604 587 2684 πέδας
602 2604 721 2687 ἰχθύος
734 2602 814 2694 οὐρὴ
829 2602 1049 2672 ἀποτείνεται.
1076 2599 1096 2689 ή
1112 2602 1148 2668 δέ

116 2704 150 2773 έν
168 2711 207 2794 τῇ
227 2704 279 2794 ἱρῇ
297 2706 379 2773 πόλι
395 2712 491 2780 πᾶσα
507 2709 584 2795 χονή
605 2706 684 2775 έστι.
712 2712 827 2787 πίστις
845 2707 881 2775 δέ
897 2712 957 2774 τοῦ
975 2706 1073 2792 λόγου
1089 2699 1149 2771 αὐ-

113 2819 207 2874 τοῖσι
228 2805 267 2874 οὐ
290 2809 394 2896 κάρτα
417 2804 592 2898 ἐμφανέες·
615 2810 736 2892 ἰχθύας
755 2816 864 2899 χρήμα
886 2807 957 2896 ίρὸν
978 2807 1149 2892 νομίζουσι

114 2912 173 2977 καὶ
187 2905 300 2977 οὐκοτε
315 2909 442 2993 ἰχθύων
455 2912 614 2998 ψαύουσι,
633 2915 690 2979 καὶ
707 2909 847 3000 ὐρνιθας
865 2910 943 2991 τούς
956 2912 1015 2997 μὲν
1030 2906 1150 2989 ὐλλους

116 3016 292 3094 σιτέονται,
312 3011 506 3101 περιστερὴν
521 3013 557 3079 δέ
569 3013 691 3101 μούνην
705 3012 743 3080 οὐ
760 3020 932 3095 σιτέονται,
953 3009 1036 3080 ὐλλά
1051 3035 1150 3104 σφισι

115 3112 178 3205 ήύε
199 3114 262 3203 ἱρή.
298 3112 340 3182 τά
359 3115 394 3182 δὲ
411 3115 565 3201 χινόμενα
589 3116 695 3183 δοκέει
718 3112 850 3183 αὐτοῖσι
867 3120 1050 3183 ποιέεσθαι
1070 3126 1151 3201 Δερ-

116 3223 232 3297 κετοῦς
249 3218 304 3282 καί
321 3217 524 3307 Σεμιράμιος
543 3216 668 3299 εἵνεκεν,
688 3217 726 3285 τὸ
745 3220 812 3302 μὲν,
833 3213 886 3285 ὅτι
902 3215 1050 3304 Δερκετὼ
1068 3241 1151 3306 μορ-

118 3319 185 3410 φὴν
204 3319 321 3403 ἰχθύος
339 3319 412 3402 ἔχει,
432 3317 471 3386 τὸ
492 3320 537 3403 δὲ,
558 3315 611 3387 ὅτι
628 3318 667 3388 τὸ
681 3320 884 3408 Σεμιράμιος
901 3321 994 3398 τέλος
1008 3317 1042 3398 ές
1054 3342 1151 3405 περι·

119 3421 235 3510 στερήν
258 3420 405 3491 ὐπίκετο.
443 3417 511 3491 ἀλλ’
529 3420 592 3512 ἐγὼ
611 3421 668 3492 τὸν
685 3424 744 3510 μέν
765 3420 851 3511 νηὸν,
877 3418 929 3491 ὅτι
946 3420 1152 3510 Σεμιράμιος

119 3524 212 3613 έρχον
231 3525 315 3608 ἐστὶ,
338 3527 423 3611 τάχα
439 3549 497 3594 κου
518 3527 668 3613 δέξομαι,
692 3532 871 3618 Δερκετοῦς
894 3524 985 3594 δὲτὸ
1006 3523 1076 3614 ίρὸν
1093 3521 1152 3607 έμ-

118 3653 217 3713 μεναι
235 3626 365 3713 οὐδαμά
381 3635 559 3715 πείθομαι,
579 3629 653 3701 ἐπεὶ
670 3633 726 3698 καὶ
738 3625 816 3721 παρ’
827 3629 1019 3718 Αίχυπτίων
1034 3628 1152 3695 ένίοισι

120 3729 243 3813 ἰχθύας
265 3728 302 3798 οὐ
325 3737 502 3815 σιτέονται,
531 3736 586 3800 καί
607 3733 687 3801 τάδε
710 3729 748 3800 οὐ
773 3741 929 3822 Δερκετοῖ
950 3730 1149 3819 χαρίζονται

119 3832 193 3900 ἔστι
219 3826 255 3900 δέ
281 3835 336 3900 καί
363 3830 463 3914 άλλος
489 3835 585 3921 λόγος
612 3833 695 3923 ίρὸς,
722 3833 781 3903 τὸν
808 3833 870 3921 ἐγώ
898 3838 1006 3922 σοφοῦ
1034 3827 1151 3920 ἀνδρὸς
1170 3851 1202 3900 15

117 3932 260 4026 ήκουσα,
286 3930 339 4004 ὅτι
355 3934 376 4024 ἡ
394 3938 453 4022 μέν
470 3935 535 4024 θεή
551 3934 616 4026 Ῥέη
636 3936 719 4018 ἐστὶ,
741 3935 780 4004 τὸ
800 3937 836 4003 δὲ
855 3933 925 4026 ίρύν
938 3932 1053 4005 ἴέττεω
1071 3938 1151 4001 ποί-

118 4065 199 4128 ημα.
232 4035 341 4128 θέττης
359 4041 395 4109 δὲ
411 4046 503 4130 γένος
520 4041 579 4126 μέν
595 4039 707 4120 Λυδὸς
724 4030 772 4129 ήν,
791 4046 925 4126 πρῶτος
942 4040 978 4109 δέ
994 4037 1036 4106 τὰ
1055 4034 1152 4129 ύρχια
1225 4120 1228 4129 ρ
