2730 4584
290 308 295 316 ,
358 242 524 299 Lxxvm.
551 243 570 280 ε
591 242 960 301 κιοιιιιιιοτο-ε.
1037 214 1047 309 J
1111 233 1180 299 293

138 354 176 418 τί
190 372 247 427 τις
261 342 301 413 ἀν
317 348 487 435 χρήσαιτο,
507 344 611 417 δπότε
629 354 728 440 φίλος
744 376 796 429 τις
809 346 855 418 ών
867 350 1017 435 βιάζοιτο
1023 379 1043 434 ,·,
1053 346 1175 440 ἀνάγκη

138 450 204 541 γάρ
225 447 441 539 ὑφίστασθαι
463 458 532 519 πᾶν
555 449 677 525 ὁτιοῦν.
722 451 762 541 ἡν
784 453 821 520 δὲ
843 453 951 541 ζητεῖς
972 453 1083 521 αἰτίαν
1109 459 1213 523 τώνσ

112 581 120 591 ·
140 554 257 642 λόγων,
277 550 378 634 αύτδς
395 545 643 642 ἡνΚλεώνυμος
661 552 808 635 δκαλός·
827 561 1016 645 καθημένου
1035 553 1098 646 γὰρ
1113 552 1179 623 ἐεδ-

139 664 202 727 τοδ
223 656 347 742 μεταξὺ
372 656 453 742 ἰμοδ
474 681 511 725 τε
532 660 588 725 καὶ
606 656 832 746 Ἀνδροκλέους
852 666 912 727 τοῦ
935 666 1047 742 θείου,
1070 658 1179 739 πολύς

140 759 284 849 δγίγνετο
302 760 400 846 λόγος
416 772 488 840 τοῖς
506 761 660 841 ἰδιώταις
676 767 755 851 περὶ
773 758 876 829 αύτυῦ
890 759 1125 847 ἀπσβλίπυυσί
1138 789 1175 830 τε
1208 820 1212 829 ,

140 864 190 944 εἰς
206 860 308 930 αδτδν
327 865 383 929 καὶ
399 860 765 952 ὑπερεκπεπληγμένους
778 861 817 932 τὸ
830 864 961 943 κάλλος.
989 864 1104 948 σχεδὸν
1119 856 1178 933 οὖν

138 967 275 1037 πάντων
294 962 555 1054 ὀλιγωρήσαντες
576 968 729 1056 κάθηντο
749 968 925 1049 διεξιόντες
945 968 1094 1054 ἐγκώμια
1115 975 1176 1037 τοῦ

139 1073 325 1159 μειρακίου.
364 1066 566 1155 ἀγασθέντες
588 1072 625 1138 δὲ
646 1068 742 1159 ἡμεῖς
763 1078 829 1141 τών
853 1068 1059 1158 ἀνδρώντὴν
1078 1073 1176 1160 φιλο-

139 1175 256 1239 κοιλίαν
277 1173 332 1237 καί
355 1166 425 1255 άμα
450 1170 680 1250 ἰπαινέσαντες
703 1171 823 1252 αὐτοὺς
846 1170 962 1262 ἀργίας
987 1199 1024 1239 τε
1050 1174 1176 1261 πολλῆς

141 1270 225 1341 εἶναι
237 1269 463 1358 ἀπολαβόντες
477 1275 588 1362 λόγοις
602 1272 855 1361 ἀπολείπεσθαι
863 1282 929 1343 τών
944 1275 1087 1349 ἰδιωτῶν
1096 1279 1175 1361 περὶ

22 1459 29 1467 ¹
140 1382 207 1443 τῶν
228 1379 420 1459 καλλίστων,
445 1367 472 1464 ᾦ
494 1378 585 1465 μόνην
608 1378 735 1444 τούτων
758 1378 904 1462 οἰόμεθα
930 1383 1092 1463 προέχειν,
1119 1381 1176 1444 καί

140 1476 182 1604 δὴ
199 1475 380 1567 ἡπτόμεθα
397 1485 463 1547 τών
481 1483 559 1569 περὶ
576 1481 716 1559 κάλλους
734 1481 849 1567 λόγων.
886 1480 964 1561 όδοξ
945 1483 997 1561 ξεν
1018 1469 1075 1547 σύν
1096 1477 1183 1567 ἡμῖν.

4 1656 9 1665 ,
139 1578 199 1649 οδκ
204 1578 377 1710 „dromon
400 1585 504 1669 λέγειν
525 1581 583 1650 τὸν
601 1583 736 1650 ἐ’παινσν
757 1589 817 1650 τοῦ
838 1582 1028 1662 παιδός-
1050 1578 1089 1649 05
1111 1580 1174 1672 γάρ

140 1679 181 1751 ἀν
204 1682 288 1768 εχειν
309 1687 431 1764 καλῶς·
459 1683 612 1770 ἐμβαλεῖν
633 1684 695 1788 γάρ
719 1683 759 1753 ἀν
787 1683 943 1765 αδτδνδς
969 1688 1048 1752 πλεί
1034 1690 1075 1751 ίω
1097 1710 1176 1774 τρυ-

9 1872 16 1881 ,
138 1786 273 1875 ιμήν-
295 1781 364 1854 ἀλλ’
381 1784 457 1854 οδδδ
481 1787 545 1876 μὴν
571 1785 688 1877 ώσπερ
714 1784 918 1869 δκείνους’
882 1784 991 1868 ούτως
1013 1783 1173 1866 ἀτάκτως,

141 1884 227 2014 ὅπερ
246 1887 436 1968 ἕκαστος
397 1914 504 1973 τυχοι,
528 1892 655 1978 λέγειν,
663 1889 733 1958 ἀλλ
752 1891 888 1960 ἕκαστον
907 1891 1013 1959 εἰπεῖν
1032 1884 1142 1978 ἰδίᾳ“
1121 1913 1164 1956 σσ

140 1989 182 2061 δν
200 1989 469 2079 ἀπομνημονεύει
486 1996 565 2080 περὶ
582 2000 641 2060 τοῦ
661 2000 887 2079 προκειμένου.

192 2097 258 2161 Καὶ
277 2093 316 2183 δὴ
336 2091 517 2183 ἀρξάμενος
536 2092 554 2162 δ
576 2099 683 2164 Φίλων
701 2104 837 2181 πρώτος
855 2092 979 2162 ούτωσὶ
1000 2091 1057 2160 τὸν
1075 2094 1173 2179 λόγον
1191 2115 1206 2161 6

143 2194 304 2279 ἐποιεῖτο,
333 2194 378 2277 ώς
401 2197 471 2266 ’ἐστι
494 2196 599 2265 δεινὸν
625 2197 655 2264 εἰ
677 2195 782 2265 πάνθ’
798 2194 863 2264 ὅσα
886 2196 1074 2285 πράττομεν
1098 2193 1174 2261 ἑκά-

142 2322 221 2387 στης
246 2296 382 2389 ἡμέρας,
411 2298 456 2380 ιδς
478 2303 556 2387 περὶ
577 2302 686 2368 καλών
712 2299 909 2384 ποιούμεθα
934 2295 991 2385 τὴν
1014 2295 1171 2384 σπονδὴν,
1210 2384 1221 2397 ⁶

142 2398 244 2469 αύτσῦ
270 2403 307 2469 δὲ
331 2410 390 2484 τοῦ
416 2405 555 2483 κάλλους
582 2401 699 2471 οδδένα
724 2402 942 2490 ποιησόμεθα
967 2401 1073 2488 λόγον,
1103 2394 1172 2466 ἀλλ

142 2499 228 2573 σάτω
247 2507 487 2605 καθεδούμεθα
504 2513 580 2631 σιγῇ
604 2502 718 2591 ὥσπερ
743 2502 986 2584 δεδοικότες
946 2530 991 2591 μη
1015 2501 1176 2588 λάθωμεν

140 2603 229 2696 ἡμᾶς
250 2607 384 2690 αύτούς,
409 2605 493 2699 ύπίρ
519 2600 557 2677 οὗ
581 2605 862 2736 σπουδάζομεν
829 2633 886 2675 τον
905 2602 1037 2674 ἅπαντα
1056 2606 1174 2696 χρόνον

141 2709 301 2791 εἰπόντες.
341 2718 451 2780 καίτοι
472 2719 540 2781 πού
562 2740 613 2793 τις
636 2709 675 2780 ἀν
700 2712 859 2801 χρήσαιτο
885 2709 1082 2796 πρεπόντως
1103 2721 1176 2787 τοῖς

141 2812 267 2901 λόγοις,
290 2814 321 2882 εἰ
339 2819 416 2904 περὶ
434 2822 500 2883 τών
517 2815 660 2942 μηδενὸς
678 2812 779 2897 ἀξίων
797 2813 995 2893 σπουδάζων
1017 2813 1173 2900 περὶτοῦ

141 2919 237 2984 καλλί
223 2923 317 2985 ίστου
337 2918 440 3005 σιγῴὴ
458 2924 524 2985 τών
543 2916 661 3001 όντων,·
684 2915 704 3006 5
723 2923 798 2997 πώς
816 2912 855 2984 ἀν
873 2915 910 2982 τὸ
931 2916 963 2984 δν
986 2915 1098 3002 λόγους
1113 2938 1176 2981 κα

140 3017 200 3086 λδν
223 3019 364 3099 σώζοιτο
386 3018 554 3103 μάλλον”
532 3049 552 3108 η
575 3028 623 3108 τῷ
645 3020 756 3088 πάντα
777 3016 882 3087 τάλλα
908 3023 1073 3105 παρόντας
1095 3018 1177 3105 περὶ
1204 3065 1210 3074 -

142 3118 243 3188 αὐτοῦ
263 3123 366 3207 λέγειν
378 3128 437 3189 τοῦ
451 3126 564 3201 τέλους
577 3119 664 3209 ἡμᾶς
676 3130 742 3191 τών
755 3122 912 3189 ἑκάστοτε
923 3125 1157 3208 πραττομένων
1162 3147 1177 3202 ,·

143 3218 212 3290 ἀλλ’
227 3221 282 3290 ἵνα
302 3223 347 3312 μὴ
370 3224 457 3305 δόξω
480 3227 585 3312 λέγειν
606 3224 665 3309 μὲν
688 3221 734 3303 ὥς
750 3223 809 3312 χρὴ
834 3227 913 3311 περὶ
929 3228 1028 3303 τοῦτο
1052 3223 1177 3288 διακεῖ-

143 3333 228 3395 σθαι
251 3325 386 3410 εἰδέναι,
414 3327 521 3396 εἰπεῖν
544 3327 580 3395 δὲ
602 3327 702 3415 μηδὲν
724 3325 933 3394 ἀπίστασθαι
955 3326 1035 3413 περὶ
1061 3319 1174 3405 αδτοδ,

144 3426 189 3508 ιδς
216 3429 287 3498 οίόυ
312 3457 349 3500 τε
373 3436 498 3522 βραχέα
524 3434 603 3519 περὶ
631 3430 750 3498 τούτου
776 3429 984 3520 πειράσομαι
1016 3426 1174 3494 διελθεῖν.

142 3534 284 3612 ταλλσυς
303 3534 364 3624 γάρ
392 3534 432 3624 δὴ
459 3536 582 3616 πάντες
607 3535 666 3620 μὲν
693 3532 911 3621 ἐπεθύμησαν
936 3542 1068 3614 τυχεῖν,
1085 3527 1176 3595 πάνυ

144 3629 176 3701 δ’
192 3632 386 3722 ἠξιώθησαν
404 3634 512 3724 ὀλίγον
526 3644 626 3718 τινές·
654 3641 688 3705 οἳ
710 3638 746 3704 δὲ
762 3636 884 3725 ταύτης
905 3633 1017 3718 ἀτυχον
1034 3636 1092 3717 τῆς
1110 3630 1176 3697 δω-

128 3743 235 3825 ρεάς,
268 3732 557 3822 εὐδαιμονέστατοι
587 3741 720 3807 πάντων
751 3738 865 3821 ἔδοξαν
895 3741 1095 3825 γεγενῆσθαι
1120 3733 1178 3798 καί

143 3840 230 3928 πρὸς
251 3847 342 3908 θεῶν
363 3843 419 3909 καί
440 3840 525 3929 πρὸς
549 3839 740 3929 ἀνθρώπων
756 3842 799 3908 τά
822 3840 935 3908 εἰκότα
955 3840 1173 3924 τετιμημένοι.

142 3944 315 4033 τεκμήριον
332 3945 385 4013 δέ·
406 3952 472 4013 τών
489 3951 567 4033 γσδν
584 3950 679 4012 θεων
693 3942 729 4025 ἐξ
748 3939 864 4032 ἡρώων
887 3945 1067 4029 γενομένων
1079 3935 1176 4025 Ἡρα-

142 4049 221 4138 ‘¹²5³
236 4054 278 4121 τί
291 4048 380 4120 ίστιν
398 4044 416 4118 δ
432 4047 514 4130 Διὸς
530 4050 585 4117 καὶ
599 4048 798 4138 Διόσκουροι
814 4041 1001 4132 zamam),
1020 4033 1066 4111 ὧν
1083 4036 1102 4110 δ
1115 4040 1175 4128 μὲν
