2782 4574
223 248 298 313 ί100
347 326 349 331 y
465 303 470 310 .
618 252 873 311 Λουκιανοῦ

231 389 298 443 πος
317 365 349 431 ἓν
364 364 423 429 καί
439 356 651 449 ἀγδοήκοντα·
668 358 878 445 Διογένηςόέ
896 352 1103 435 όΣελενκεῦς
1121 351 1190 424 ἀπὸ
1207 362 1264 425 Τί-

229 490 332 553 γριος,
351 462 498 542 Στωϊκός
515 461 712 551 φιλόσοφος,
733 457 817 527 όκτω
833 461 891 525 καὶ
909 455 1121 545 ὀγδοήκοντα·
1139 472 1263 527 Ποσει-

174 596 181 604 ·
198 596 203 603 ·
231 568 351 645 όιόνως
364 563 552 650 όίίπαμεῦς
564 571 623 651 τῆς
631 568 762 649 Συρίας,
777 562 868 648 νόμῳ
883 558 1057 641 όέῬόόιος,
1073 561 1264 649 φιλόσοφός

233 693 269 735 τε
286 664 356 753 άμα
372 669 427 734 καὶ
447 667 594 756 ἱστορίας
612 661 815 752 συγγραφεὺς
828 668 967 750 τέτταρα
980 665 1035 728 καὶ
1049 660 1262 750 ὀγδοήκοντα·

232 769 415 856 Κριτόλαος
441 764 745 855 όῊεριπατητικὸς
770 762 854 853 ύπέρ
882 765 941 830 δύο
967 766 1023 830 καί
1049 761 1262 851 ἀγδοήκοντα·

181 893 213 942 21
233 872 372 943 Πλάτων
391 872 427 938 δὲ
445 867 462 937 ὃ
482 870 659 959 ἱερώτατος
677 871 710 936 έν
727 870 782 934 καί
800 864 1009 955 ἀγδοήκοντα.
1034 863 1263 956 Ἀθηνόδωρος

230 973 406 1052 Σάνδωνος
431 970 573 1057 Ταρσεὺς
594 970 753 1050 Στωϊκὸς,
782 969 819 1048 ὃς
839 972 895 1035 καὶ
918 970 1115 1049 όιόάσκαλος
1136 956 1262 1055 ἰγένετο

233 1080 401 1164 Καίσαρος
423 1080 584 1158 σεβαστοῦ
607 1080 705 1155 θεοῦ,
734 1069 790 1160 ἀφ’
807 1062 845 1138 οῦ
867 1068 888 1158 ἡ
914 1076 1065 1159 Ταρσέων
1086 1072 1186 1149 πόλις
1206 1073 1263 1137 καί

231 1176 347 1266 φόρων
366 1175 565 1265 ἐκουφίσθη,
586 1172 644 1242 όύο
662 1178 718 1242 καὶ
736 1171 935 1261 ἀγδοήκοντα
952 1172 1007 1259 ἰτη
1024 1171 1119 1259 βιοὺς
1137 1172 1263 1239 ἐτελεύ-

126 1301 128 1305 ’
229 1303 328 1365 τησεν
350 1277 383 1345 ἰν
404 1285 444 1367 τῇ
467 1279 605 1366 πατρίδι
625 1281 680 1345 καὶ
701 1275 800 1361 τιμὰς
822 1273 841 1342 ό
867 1280 1017 1363 Ταρσέων
1043 1277 1145 1364 όῆμος
1171 1271 1263 1362 αύτῷ

232 1377 300 1447 κατ’
313 1379 385 1458 ἐ’τος
403 1379 540 1448 ἕκαστον
558 1377 720 1464 ἀπονέμει
738 1376 783 1457 ὥς
800 1374 879 1466 ἥρῳ.
906 1382 1043 1466 Νέστωρ
1062 1377 1098 1443 δὲ
1115 1374 1264 1455 Στωϊκὸς

233 1479 302 1548 ἀπὸ
319 1488 457 1568 Ταρσοῦ,
479 1484 675 1560 διδάσκαλος
687 1486 856 1568 Καίσαρος
876 1486 1036 1566 Τιβερίου,
1056 1478 1111 1565 ’ἐτη
1130 1478 1189 1545 δύο
1206 1480 1263 1544 καὶ

232 1582 433 1669 ἐνενήκοντα·
459 1590 614 1673 Ξενοφῶν
637 1585 673 1650 δέ
696 1581 713 1650 ὁ
736 1584 881 1667 Γρύλλου
903 1578 988 1670 ῦπὲρ
1009 1580 1051 1647 τά
1074 1579 1262 1668 ἐνενήκοντα

177 1720 180 1723 ·
233 1683 368 1770 ἐβίωσεν
387 1684 452 1773 έιη.
900 1756 902 1758 ,
1062 1708 1066 1715 ’

180 1808 215 1856 22
286 1774 384 1853 Οὗτοι
401 1788 460 1871 μέν
478 1786 673 1876 φιλοσόφων
692 1787 725 1853 οἱ
743 1785 878 1867 ἰνόοξοι,
898 1790 1111 1874 συγγραφέων
1126 1787 1264 1872 Mm-

226 1893 341 1972 »σίβιος
357 1889 417 1971 μέν
434 1887 547 1956 ἑκατὸν
565 1888 832 1977 εἰκοσιτεσσάρων
850 1886 931 1954 έτοῦν
950 1887 982 1953 ἰν
995 1889 1173 1974 περιπάτῳ
1193 1887 1263 1956 ἰτε-

233 1990 398 2077 λεύτησεν,
432 1987 477 2069 ὡς
500 1987 746 2077 Ἀπολλόδωρος
772 1989 805 2056 ἰν
831 2002 902 2068 τοῖς
930 2002 1092 2076 χρονικοῖς
1125 1989 1260 2076 ἱστορεῖ.

229 2089 419 2177 Ἱερώνυμος
437 2093 473 2158 ἀὲ
491 2091 524 2159 ἰν
543 2095 703 2175 πολέμοις
724 2093 895 2178 γενόμενος
916 2094 972 2157 καὶ
994 2089 1138 2171 πολλοὺς
1154 2093 1263 2176 καμά-

229 2192 308 2273 τοὺς
325 2190 505 2278 ὑπομείνας
521 2197 575 2261 καὶ
588 2196 759 2282 τραύματα
775 2193 884 2282 ἐ’ζησεν
898 2191 952 2281 ’ἐτη
965 2198 1106 2281 τέτταρα
1119 2196 1175 2260 καὶ
1187 2192 1262 2260 ἑκα·

230 2293 301 2375 τὸν,
330 2292 376 2375 ὥς
393 2292 631 2384 Ἀγαθαρχίδης
654 2297 687 2365 έν
708 2304 748 2385 τῇ
771 2296 866 2385 ἐνάτη
892 2304 959 2364 τῶν
980 2298 1058 2386 περί
1077 2302 1135 2384 τῆς
1153 2291 1262 2379 ἰίσίας
1382 2320 1384 2339 <

207 2458 211 2463 ⁴
232 2396 386 2484 ἱστοριῶν
403 2401 503 2485 λέγει,
522 2403 578 2465 καὶ
594 2400 763 2483 θαυμάζει
779 2424 815 2485 γε
831 2397 889 2466 τὸν
907 2395 1010 2488 άνόρα
1029 2395 1074 2477 ιῦς
1090 2405 1185 2484 μέχρι
1200 2405 1262 2485 τῆς

228 2501 419 2578 τελευταίας
439 2498 563 2587 ἡμέρας
589 2498 702 2589 ἀρτιον
728 2498 806 2568 ἰόντα
834 2499 867 2568 έν
891 2513 965 2579 ταῖς
992 2507 1179 2579 συνουσίαις
1204 2502 1263 2567 καὶ

231 2606 318 2668 πᾶσι
343 2613 415 2680 τοῖς
441 2603 687 2689 αἰσθητηρίοις,
718 2600 857 2690 μηδενὸς
888 2588 1059 2689 γενόμενον
1084 2608 1150 2669 τῶν
1175 2600 1262 2690 πρὸς

231 2697 357 2788 ῦγίυιαν
383 2702 510 2790 ἐλλιπῆ.
550 2701 732 2783 Ἑλλάνικος
759 2701 777 2771 ό
805 2709 949 2789 Λέσβιος
982 2702 1180 2792 ἀγδοήκοντα
1205 2706 1262 2771 καὶ
1382 2690 1383 2709 ¹

231 2809 342 2885 πέντε,
369 2808 427 2871 καὶ
450 2806 629 2894 Φερεκύδης
652 2802 669 2874 ὁ
692 2807 813 2891 Σύριος
836 2804 960 2891 ὁμοίιος
981 2805 1180 2894 ὀγδοήκοντα
1205 2809 1263 2873 καὶ

229 2910 338 2972 πέντε.
378 2910 514 2990 Τίμαιος
532 2905 550 2974 ό
572 2914 809 2999 Ταυρομενίτης
827 2910 864 2989 ἓξ
878 2912 934 2976 καὶ
952 2909 1148 2995 ἐνενήκοντα.
1175 2905 1263 2999 Ἀρι·
1381 2898 1382 2901 ¹

230 3007 411 3091 στόβουλος
429 3009 466 3074 δὲ
484 3005 502 3075 ό
520 3009 729 3098 Κασανδρεύς
750 3006 834 3099 ῦπέρ
856 3008 899 3077 τά
921 3009 1108 3099 ἐνενήκοντα
1130 3009 1186 3098 ἔτη
1208 3013 1264 3077 λέ-

229 3133 324 3196 γεται
339 3102 546 3195 βεβιωκέναι·
568 3111 626 3200 τὴν
645 3112 790 3201 ἱστορίαν
809 3112 845 3179 δὲ
861 3118 1015 3201 τέταρτον
1031 3116 1087 3180 καὶ
1105 3109 1263 3201 όγόοηκο-
1380 3122 1381 3129 ’

231 3209 310 3279 στὸν
328 3210 400 3292 ἐ’τος
415 3212 555 3300 γεγονὼς
572 3210 694 3303 ἤρξατο
712 3215 921 3304 συγγράφειν,
946 3212 992 3294 ὥς
1010 3211 1110 3294 αῦτὸς
1127 3214 1161 3282 έν
1178 3212 1262 3304 ἀρχῇ

124 3360 131 3387 ι
231 3320 289 3399 τῆς
309 3321 536 3402 πραγματείας
557 3320 669 3404 λέγει.’
693 3318 858 3401 Πολύβιος
880 3318 917 3384 ἀὲ
939 3314 957 3384 ό
979 3317 1134 3406 Λυκόρτα
1150 3329 1272 3404 Μεγαι·

229 3416 407 3502 λοπσλίτης
425 3413 570 3505 ἀγρόθεν
589 3416 739 3486 ἀνελθὼν
761 3415 818 3507 ἀφ’
833 3419 943 3487 ἰππου
966 3425 1127 3488 κατέπεσε
1147 3422 1204 3487 καὶ
1225 3418 1263 3486 όκ

230 3516 349 3585 τούτου
361 3520 503 3607 νοσήσας
516 3518 685 3589 ἀπέθανεν
699 3520 780 3589 ἐτῶν
795 3522 854 3589 δύο
868 3525 923 3588 καὶ
937 3518 1146 3609 ἀγδοήκοντα.
1168 3517 1263 3609 Ὑψι-

229 3617 349 3707 κράτης
367 3622 403 3688 δὲ
420 3617 439 3688 ό
454 3618 623 3711 Ἀμισηνὸς
641 3622 844 3713 συγγραφεὺς
865 3623 922 3693 διὰ
944 3625 1077 3693 πολλαῦν
1097 3623 1262 3711 μαθημά-

230 3745 295 3787 των
311 3722 481 3808 γενόμενας
499 3722 553 3811 ’ἐτη
573 3723 632 3791 δύο
648 3729 704 3793 καί
723 3725 919 3815 ἐνενήκοντα,
1019 3756 1022 3762 ·

179 3844 212 3891 23
277 3819 434 3913 Ῥητόρων
452 3825 488 3892 δὲ
503 3832 657 3915 Γοργίας,
677 3824 714 3897 όν
730 3855 816 3909 τινες
833 3826 994 3918 σοφιστὴν
1011 3832 1175 3911 καλοῦσα,
1201 3826 1259 3916 ίτη

230 3922 343 3994 ἑκατὸν
365 3924 461 3996 ἀκταί,
506 3936 632 4019 τροφῆς
658 3932 694 3998 δὲ
720 3928 947 4017 ἀποσχόμενος
974 3931 1192 4020 ἐτελεύτησεν·
1220 3925 1260 3999 όν

223 4050 333 4116 φασιν
359 4026 567 4119 έρωτηθίντα
585 4031 654 4122 ,τὴν
685 4034 793 4107 αἰτίαν
818 4043 881 4125 τοῦ
910 4042 1037 4126 μακροῦ
1067 4035 1177 4123 γήρως
1202 4033 1259 4103 καὶ
