2748 4572
239 208 285 275 30
395 216 405 225 ⁵
629 221 885 277 ΔΟΥΚΙΑΝΟΥ

236 324 295 396 τόν
314 286 482 396 όνάπλοαν
501 325 610 409 ἂυχεν
627 323 705 414 ήμῖν
723 327 899 411 συμπλέων
915 331 1090 416 Μεμφίτης
1102 322 1188 418 άνήρ
1204 336 1276 400 τών

94 510 98 517 ¹
239 429 535 520 ἱερογραμματέων,
553 428 748 514 θαυμάσιος
765 427 822 515 τήν
840 434 963 518 σοφίαν
976 432 1032 496 καλ
1044 427 1103 518 τήν
1116 433 1277 502 παιδείαν
1313 480 1318 487 -

140 531 144 537 ’
237 539 350 601 πᾶσαν
369 530 466 629 εἰδώς
478 530 539 622 τήν
552 531 754 618 Αἰγυπτίων.
783 530 910 619 έλέγετο
929 534 965 599 δέ
981 538 1059 619 τρία
1075 535 1132 600 καὶ
1149 534 1276 604 εἴκοσιν

238 634 292 722 ἔτη
312 634 345 702 έν
362 648 433 715 τοῖς
451 631 587 712 άδύτοις
603 630 761 721 ὑπόγειος
779 630 934 721 ᾠκηκέναι
956 635 1110 723 μαγεύειν
1131 639 1276 706 παιδευ-

237 738 353 821 όμενος
370 735 510 825 ὑπὸτῆς
524 733 674 816 ’λοιδος.”
699 733 950 826 “Παγκράτην,”
971 737 1049 826 έφη,
1065 734 1230 827 “λέγεις,”
1252 738 1272 811 ό

235 836 431 928 Ἀρίγνωτος,
451 835 551 925 ί(έμδν
561 839 767 922 διδάσκαλον,
784 838 870 926 ἱερὸν
880 836 993 928 άνδρα,
1014 840 1219 930 ἐξυρημένον,
1238 843 1273 913 έν

237 939 402 1021 ὀθονίοις,
429 944 587 1030 νοήμονα,
616 939 653 1010 ού
681 949 850 1031 καθαρώς,
867 942 1084 1030 ἑλληνίζοντα,
1115 943 1270 1036 ἐπιμήκη,

236 1043 343 1128 σιμὸν,
363 1045 547 1130 πρόχειλον,
561 1041 752 1113 ὑπόλεπτον
765 1043 807 1112 τά
821 1042 947 1132 σκέλη.”
969 1042 1124 1128 “αύτδν,”
1144 1037 1164 1135 ή
1179 1044 1211 1114 δ’
1222 1048 1272 1132 ὃς,

176 1224 178 1231 ¹
232 1144 378 1215 κἐκεῖνον
395 1146 452 1215 τδν
465 1148 669 1235 Παγκράτην.
694 1145 807 1214 καὶτὰ
824 1148 883 1231 μέν
896 1154 1015 1239 πρώτα
1027 1144 1164 1238 ήγνόουν
1179 1145 1274 1232 ὅστις

234 1240 283 1338 ἦν,
303 1248 378 1318 έπελ
396 1251 433 1317 δέ
450 1249 562 1338 έώρων
580 1244 687 1331 αὑτὸν,
713 1251 746 1316 εἴ
760 1276 845 1318 ποτε
862 1247 1058 1338 ὁρμίσαιμεν
1078 1251 1118 1320 τό
1141 1255 1271 1338 πλοῖον,

236 1349 322 1420 ἄλλα
339 1377 376 1420 τε
392 1351 503 1449 πολλά
519 1354 676 1441 τεράστια
695 1351 906 1440 ἐργαζόμενον
923 1356 979 1420 καλ
998 1353 1039 1442 δή
1055 1358 1111 1423 καλ
1126 1355 1183 1424 ἐπὶ
1196 1381 1274 1446 κρο-

235 1457 392 1523 κοδείλων
415 1452 590 1540 ὀχούμενον
611 1459 666 1522 καὶ
694 1461 867 1524 συννέοντα
893 1468 965 1536 τοῖς
990 1450 1137 1546 θηρίοις,
1165 1456 1207 1526 τὰ
1234 1461 1273 1529 δέ

226 1554 497 1646 ,ὑποπτήσσοντα
513 1561 569 1624 καὶ
583 1563 738 1625 σαίνοντα
750 1571 826 1637 ταῖς
839 1555 963 1648 ούραῐς,
984 1558 1082 1647 ἔγνων
1097 1560 1185 1650 ἱερόν
1197 1588 1273 1633 τινα

237 1656 420 1745 άνθρωπον
438 1657 529 1741 ὄντα,
554 1659 715 1727 καὶκατὰ
738 1659 854 1749 μικρὸν
872 1663 1175 1750 φιλοφρονούμενος
1197 1664 1273 1733 έλα-

151 1777 157 1788 ’
235 1770 302 1830 θον
320 1762 450 1850 έταῖρος
468 1761 558 1850 αύτῷ
576 1766 632 1829 καλ
650 1764 797 1851 συνήθης
819 1765 1003 1851 γενόμενος,
1028 1760 1115 1833 ώστε
1137 1767 1273 1836 πάντιον

237 1864 401 1933 ἐκοινώνει
418 1891 478 1950 μοι
496 1872 561 1932 τών
580 1863 787 1954 ἀπορρήτων.
815 1870 871 1934 καί
888 1856 982 1948 τέλος
999 1874 1117 1936 πείθει
1133 1895 1176 1954 με
1193 1868 1273 1951 τοὺς

235 1970 295 2054 μὲν
318 1968 447 2047 οἰκέτας
470 1962 619 2049 ἅπαντας
642 1967 676 2037 έν
697 1975 737 2058 τῇ
760 1971 914 2058 Μέμφιδι
934 1974 1142 2053 καταλιπεῖν,
1172 1969 1271 2041 αύτδν

237 2073 274 2140 δέ
291 2074 392 2157 μόνον
410 2068 608 2139 ἀκολουθεῖν
625 2069 694 2156 μετ’
706 2068 822 2139 αὑτοῦ·
841 2070 885 2160 μή
904 2071 966 2163 γάρ
984 2070 1167 2162 άπορήσειν
1184 2071 1272 2163 ἡμᾶς
1367 2156 1368 2165 η

238 2180 304 2244 τών
323 2176 611 2262 διακονησομένων.
647 2175 759 2243 καὶτὸ
777 2173 861 2260 μετὰ
878 2182 977 2243 τοῦτο
995 2172 1082 2244 οὑτω
1106 2178 1271 2265 διήγομεν.
1367 2168 1368 2191 ³

184 2300 218 2349 85
285 2275 417 2366 Ἐπειδή
446 2279 481 2345 δὲ
508 2278 665 2362 έλθοιμεν
688 2277 721 2357 ές
746 2304 781 2345 τι
807 2280 1020 2366 καταγώγιον,
1048 2277 1158 2366 λαβών
1184 2276 1223 2346 άν
1252 2275 1271 2348 ό
1366 2362 1367 2373 η

236 2375 317 2468 ἀνὴρ
330 2379 386 2448 τὸν
399 2378 520 2464 μοχλόν
533 2387 592 2469 τῆς
604 2381 714 2470 θύρας
727 2377 748 2469 ή
760 2377 798 2448 τὸ
813 2381 979 2469 κόρηθρον
991 2379 1013 2469 ἢ
1026 2379 1133 2447 καὶτὸ
1146 2377 1273 2467 ὑπέρον

234 2482 426 2570 περιβαλών
450 2483 594 2567 ἱματίοις
616 2482 766 2551 ἐπειπών
790 2494 864 2552 τινα
887 2481 1018 2570 ἐπῳδὴν
1041 2481 1150 2548 έποίει
1170 2484 1276 2568 βαδί-
1360 2560 1366 2581 ⁴

102 2610 109 2615 ·
237 2586 303 2668 ζειν
320 2598 391 2665 ταῖς
408 2581 522 2664 ἄλλοις
540 2582 667 2654 άπασιν
684 2582 866 2675 άνθρωπον
883 2582 967 2659 εἶναι
986 2586 1159 2651 δοκοῦντα·
1177 2582 1216 2652 τδ
1233 2588 1275 2655 δέ
1365 2642 1366 2663 2

237 2686 389 2756 ἀπελθὸν
407 2685 496 2774 ὑδωρ
514 2715 550 2755 τε
569 2686 727 2777 όπήντλει
744 2692 799 2757 καὶ
818 2685 954 2773 ὠψώνει
970 2689 1026 2753 καλ
1044 2685 1197 2769 έοκεόαζε
1213 2692 1275 2758 καί

236 2790 270 2873 ές
292 2792 401 2860 πάντα
424 2792 541 2872 δεξιώς
562 2788 718 2880 ὑπηρέτει
740 2793 796 2858 καί
815 2792 994 2877 διηκονεῖτο
1017 2786 1103 2877 ἡμῖν.
1143 2787 1215 2859 εἶτα
1233 2792 1274 2860 δέ

236 2893 352 2982 ἐπειδὴ
371 2890 445 2973 ἅλις
463 2893 532 2977 έχοι
544 2901 608 2983 ’τῆς
626 2897 801 2972 διακονίας,
822 2883 925 2972 αὖθις
937 2894 1104 2984 κόρηθρον
1117 2892 1157 2960 τδ
1172 2894 1274 2980 κόρη·
1364 2970 1365 2977 η

235 3004 322 3085 θρον
340 2993 361 3085 ή
379 2993 502 3087 ὑπέρον
519 2997 558 3065 τὸ
577 2994 700 3083 ὑπερον
718 2992 818 3083 άλλην
836 2994 969 3085 ἐπῳδὴν
992 2995 1141 3066 ἐπειπών
1159 2995 1274 3065 έποίει

236 3098 286 3167 άν.
321 3107 421 3168 τούτο
439 3099 503 3187 ἐγώ
521 3101 608 3167 πάνυ
635 3097 850 3180 ἐσπουδακώς
873 3096 931 3167 ούκ
948 3096 1035 3183 εἶχον
1057 3094 1151 3178 ὅπως
1170 3097 1272 3182 ἐκμά-
1364 3090 1365 3113 ’

235 3210 338 3287 θοιμι
355 3202 433 3290 παρ’
450 3200 565 3271 αύτοῦ·
593 3203 764 3288 ἐβάσκαινε
782 3202 858 3292 γάρ,
887 3208 997 3270 καίτοι
1018 3200 1104 3288 πρὸς
1120 3199 1162 3268 τά
1185 3196 1272 3267 άλλα

236 3307 494 3396 προχειρότατος
512 3302 567 3373 ών.
603 3312 665 3394 μιᾷ
684 3307 721 3373 δέ
744 3306 827 3373 ποτε
845 3303 950 3394 ἡμέρᾳ
967 3303 1083 3371 λαθών
1101 3303 1272 3391 ἐπήκουσα

235 3415 294 3496 τής
320 3408 453 3497 έπφδής
485 3452 523 3487 -,-
555 3399 593 3496 ήν
621 3409 657 3474 δέ
682 3408 900 3492 τρισύλλαβος
925 3446 968 3457 -
995 3404 1109 3490 σχεδὸν
1132 3404 1165 3472 έν
1191 3428 1272 3474 σκο-

236 3518 331 3599 τεινῷ
350 3508 509 3591 ὑποστάς.
545 3514 601 3577 καὶ
619 3507 638 3576 δ
655 3510 714 3592 μὲν
733 3505 835 3596 ᾤχετο
854 3508 887 3588 ές
904 3506 961 3597 τὴν
985 3506 1107 3598 ἆγορδν
1126 3507 1271 3575 ἐντειλά-

185 3637 218 3687 86
235 3639 333 3701 μενος
349 3622 396 3704 τηῖ
414 3613 527 3702 ὑπέρῳ
547 3612 569 3679 ἃ
587 3612 655 3680 έδει
675 3623 801 3680 ποιεῖν·
829 3609 892 3699 ἐγώ
912 3613 948 3679 δέ
965 3610 1000 3691 ές
1015 3612 1074 3701 τήν
1091 3608 1271 3699 ὑστεραίαν

236 3717 359 3787 ἐκείνου
377 3745 411 3787 τι
432 3714 516 3785 κατὰ
532 3713 590 3804 τήν
608 3712 730 3803 ἀγορὰν
747 3720 1075 3802 πραγματευομένου,
1101 3711 1212 3800 λαβὼν
1229 3710 1270 3782 τδ
1361 3766 1362 3779 .

236 3817 360 3912 ὑπερον
378 3826 594 3909 σχηματίσας,
618 3815 743 3904 δμοίως
765 3818 914 3887 έπειπιδν
930 3817 990 3899 τὰς
1012 3813 1178 3902 συλλαβάς
1200 3815 1271 3884 ἐκέ·

237 3927 331 3992 λευον
351 3921 559 4013 ὑδροφορεῖν.
600 3924 675 3995 ἐπεὶ
691 3916 733 3990 ’δὲ
756 3920 1007 4011 έμπλησάμενος
1027 3917 1085 3988 τὸν
1112 3917 1270 4008 ἀμφορέα

238 4026 383 4108 έκόμισε,
403 4024 617 4108 “πέπαυσο,”
643 4025 733 4115 ἔφην,
754 4022 834 4092 “nal
850 4029 966 4117 μηκέτι
982 4019 1176 4112 ὑδροφόρει,
1196 4016 1268 4089 ἀλλ’
