2792 4580
358 227 494 284 LXXVI.
507 224 944 285 σεεεσεοοεετσει.
1101 216 1166 283 271

127 337 286 412 όόναται·
310 329 347 398 οὗ
365 330 429 419 γάρ
447 328 511 418 ἐφ
520 330 605 413 ἐνὸς,
625 329 693 401 ἀλλ’
709 333 769 413 ἐπὶ
786 335 930 403 πολλῶν
935 328 1030 416 ὖμεῖς
1050 357 1106 421 γε
1109 334 1168 402 ἵπ-

132 462 208 508 πων
233 434 421 521 βεβηκότες,
451 430 568 500 άλλοτε
590 432 698 501 ἄλλων
720 438 775 501 καὶ
796 440 1001 563 μαινομένων
1022 436 1166 523 πάντων,

132 547 293 631 φέρεσθε.
337 543 512 624 τοιγαροῦν
534 534 775 622 ἐκφέρουσιν(
757 544 843 622 υμᾶς
870 538 905 616 ἐς
927 520 1110 626 βάραθρα
1112 541 1169 605 καὶ

135 641 304 731 κρημνούς.
341 637 462 706 ἰ’στεό
480 636 646 722 οὐδαμῶς,
671 644 750 764 πρὶν
768 652 892 721 πεσεῖν,
913 636 968 711 ὅτι
983 647 1168 711 πεσεῖσθαι

133 749 276 830 μέλλετε.
314 767 331 808 ο
320 738 459 807 ‘QQQ
405 768 442 826 τρ
446 747 525 863 ίβφν
544 733 653 823 οὗτος,
679 769 715 809 ου
702 733 946 829 καταγελᾶτε,
970 740 1061 811 καὶ(
1043 771 1064 831 ιγ
1082 744 1166 831 κόμη
1186 765 1218 813 19

131 850 189 919 καὶ
206 846 245 913 τὸ
265 852 372 932 σχῆμα
390 842 463 928 τοῦι
463 846 512 911 εὸν
530 846 755 932 τηλικαύτην”
737 871 804 928 εχει
821 841 1005 929 δόναμινΨ
976 870 1063 913 ωστε
1080 872 1168 934 παρ

134 955 252 1031 έχεινγ
254 973 299 1013 aot
321 947 412 1033 ζῆν’
399 944 449 1035 σφ’
465 944 601 1033 ἡσυχίας
622 951 678 1013 καὶ
700 948 879 1035 πράττοντι
902 944 922 1016 ό
944 974 981 1015 τι
1001 949 1168 1032 βούλομαι

133 1055 191 1117 καὶ
215 1052 344 1116 συνόντι
367 1048 418 1128 οἷς
438 1051 617 1133 βούλομαι
643 1048 789 1138 τῶνγὰρ
809 1047 955 1135 ἀμαθῶν
977 1047 1168 1136 ἀνθρώπων

133 1157 190 1220 καὶ
211 1151 422 1219 ἀπαιδεύτων
447 1149 595 1232 οὐδείς”
573 1180 613 1219 αν
636 1151 752 1220 ἐθέλοι
767 1179 829 1237 μοι
849 1158 1026 1241 προσιέναι
1049 1152 1106 1220 διὰ
1128 1150 1168 1220 τό

135 1263 257 1340 σχῆμα,
284 1255 316 1321 οἱ
339 1256 374 1321 QQ
391 1258 533 1339 μαλακοί
554 1259 610 1322 καὶ
632 1257 726 1322 πάνυ
742 1257 922 1341 πόρρωθεν
945 1255 1166 1343 ἐκτρέπονται,
1277 1343 1284 1352 .

135 1364 298 1442 προσίασι
317 1359 353 1423 QQ
371 1358 403 1424 οἱ
419 1360 630 1481 κομψότατοι
647 1361 702 1425 καὶ
720 1357 962 1426 ἐπιεικέστατοι
978 1361 1034 1424 καὶ
1053 1355 1169 1446 ἀρετῆς

135 1459 242 1527 ἐπιθυ
244 1468 388 1542 μοῦντες.
434 1452 528 1527 οὗτοι
548 1462 714 1544 μάλιστά
710 1487 779 1544 μοι
806 1470 983 1546 προσίασι·
1008 1474 1081 1540 τοῖς
1105 1459 1167 1548 γὰρ

135 1563 302 1640 τοιούτοις
324 1561 393 1650 ε’γω
408 1569 514 1647 χαίρω
533 1564 650 1633 συνιόν.
685 1565 795 1651 θύρας
818 1564 854 1630 δέ
875 1570 941 1631 τῶν
963 1560 1168 1648 εὐδαιμόνων

135 1668 343 1751 καλουμένων
365 1662 556 1792 ἀνθρώπιον
580 1664 617 1733 oQ
640 1667 838 1755 θεραπεύω,
865 1665 944 1747 τοὺς
966 1668 1003 1735 QQ
1026 1672 1169 1754 χρυσοῦς

137 1768 321 1863 στεφάνους
338 1771 394 1833 καί
411 1766 467 1854 τὴν
486 1770 663 1857 πορφύραν
684 1777 788 1858 τῦφον
811 1797 871 1854 νομ
874 1771 947 1851 ίζω
955 1772 1093 1836 καὶτῶν
1112 1765 1168 1836 άν-

41 1958 48 1969 x
136 1871 289 1956 θρῶπων
311 1874 489 1956 καταγελῶ.
530 1872 643 1938 ιναδέ
664 1874 780 1961 μάθῃς
803 1877 883 1962 περὶ
909 1880 967 1941 τοῦ
991 1872 1165 1959 σχήματος,
1186 1893 1220 1941 20

137 1968 184 2050 ῶς
203 1971 260 2038 οὐκ
279 1970 418 2061 άνθράοι
435 1974 535 2057 μόνον
554 1970 713 2060 άγαθοῖς,
735 1972 818 2042 άλλόι
835 1979 893 2041 καί
909 1983 1005 2054 θεοῖς
1022 1981 1170 2060 πρέπον-

135 2100 194 2153 τος
216 2073 332 2142 ἔπειτα
344 2079 533 2163 ’καταγελᾷς
556 2072 672 2155 αὐτοῦ,
697 2082 821 2162 σκέψαι
844 2076 887 2142 τὰ
911 2074 1086 2162 άγάλματο
1103 2083 1169 2144 τῶν

137 2184 243 2261 θεῶν,
271 2178 398 2264 πότερά
420 2202 475 2243 σοι
499 2178 651 2244 δοκοῦσιν
674 2177 756 2259 ἐχειν
781 2175 905 2261 ὁμοίως
931 2176 1008 2262 ὑμῖν
1034 2176 1054 2264 ἢ
1078 2176 1169 2261 ἐμοίς

137 2278 254 2365 καὶμὴ
272 2282 372 2363 μόνον
394 2305 431 2367 γε
452 2287 517 2346 τῶν
533 2277 697 2366 Ἑλλήνων,
722 2278 806 2346 άλλὰ
828 2283 884 2346 καὶ
904 2287 970 2346 τῶν
990 2281 1168 2368 βαρβάρων

136 2379 215 2460 τοὺς
236 2382 334 2461 ναοὺς
357 2382 536 2450 ἐπισκόπει
558 2381 714 2466 περιιὼν,
742 2383 884 2468 πότερον
909 2379 1004 2448 αὐτοὶ
1031 2382 1065 2448 οἱ
1090 2385 1169 2453 θεοὶ
1276 2456 1282 2471 s

136 2491 266 2569 κομῶσι
292 2489 348 2551 καί
369 2492 537 2571 γενειῶσιν
560 2482 605 2564 ῶς
628 2483 690 2570 ἐγὼ
718 2482 739 2571 ἢ
761 2485 917 2574 καθάπερ
940 2482 1034 2569 ὑμεῖς
1057 2483 1170 2573 ἐξυρη-

136 2592 231 2672 μένοι
250 2590 451 2654 πλάττονται
473 2591 529 2664 καὶ
550 2588 748 2674 γράφονται·
771 2591 825 2653 καὶ
844 2594 956 2681 μέντοι
977 2591 1033 2655 καὶ
1051 2584 1170 2670 άχίτω-

137 2715 197 2767 νας
216 2685 295 2773 όφει
313 2690 393 2769 τοὺς
405 2690 550 2769 πολλοὺς
565 2686 679 2776 ὥσπερ
695 2689 760 2773 ἐμέ.
788 2695 822 2757 τί
835 2688 875 2757 άν
890 2682 945 2767 οὖν
959 2690 1006 2758 ότι
1019 2690 1170 2776 τολμςόης

138 2795 218 2877 περὶ
234 2793 353 2859 τοότου
372 2801 430 2860 τοῦ
450 2794 615 2881 σχήματος
633 2796 736 2880 λέγειν
755 2789 801 2871 ῶς
822 2793 968 2880 φαύλου,
993 2789 1097 2860 ὁπότε
1115 2794 1171 2858 καὶ

138 2901 237 2973 θεοῖς
256 2901 409 2982 φαίνεται
427 2902 556 2982 πρέπον
562 2925 573 2979 ,·

208 3149 638 3217 ΦΕΥΔΟΣΟΦΙΣΤΗΣ
665 3151 702 3215 Η
728 3149 1105 3218 ΣΟΛΟΙΚΙΣΤΗΣ.

190 3321 366 3377 ΛΥΚΙΝΟΣ
398 3295 474 3390 Αρά
495 3330 532 3391 γε
554 3298 572 3371 Q
594 3310 717 3426 γνῶναι
737 3302 794 3375 τὸν
818 3276 1042 3386 σολοικίζοντα
1065 3302 1171 3382 δεινος
1190 3328 1204 3373 1

140 3398 236 3487 οὗτος
253 3436 293 3476 κα
296 3406 602 3497 λφυλάξασθαι
563 3436 608 3496 μη
628 3411 815 3477 σολοικίσαι
832 3409 987 3492 δυνασόςς
1064 3476 1067 3483 ,

64 3528 71 3543 ’
117 3548 120 3553 ·
190 3524 458 3591 mmmmm
490 3510 611 3597 Ἐμοὶ
612 3513 657 3579 ινὲ
677 3513 776 3579 δοκεῖ.

194 3628 275 3680 ΛΥΚ.
308 3604 336 3679 ‘0
355 3617 392 3680 δέ
408 3640 443 3702 γε
461 3614 506 3704 μὴ
526 3618 753 3704 φυλάξασθαι,
773 3611 851 3683 oQQQ
863 3640 983 3701 γνῶναι
995 3610 1053 3681 τὸν
1067 3606 1172 3688 οὕτως

141 3711 273 3795 εχοντα,·

191 3832 276 3886 ΣΟΔ.
307 3812 432 3904 Αληθῆ
451 3820 564 3904 λέγεις.

190 3934 276 3990 ΛΥΚ.
310 3917 358 3987 Σὺ
377 3921 414 3987 QQ
432 3916 533 3999 αὐτὸς
550 3918 616 4008 φῂς
634 3917 672 3989 oQ
687 3920 889 4002 σολοικίζειν,
908 3916 1016 4008 ἢπεῖς
1029 3920 1171 4006 λέγωμεν

139 4025 218 4110 περὶ
237 4029 315 4109 005,-
403 4048 407 4055 ’
884 4070 887 4079 ,
