2782 4574
175 180 180 191 '
243 190 309 262 108
351 178 356 185 ’
630 202 889 262 ιοεειιεου

237 309 350 380 έκεῖνο
366 308 409 378 τά
425 311 541 399 μικρὸν
556 309 753 397 ἔμπροσθεν
769 306 924 396 εἰρημένα
940 313 1045 377 πίνων
1059 304 1112 377 άεὶ
1125 311 1181 377 καὶ
1193 312 1281 396 μάλα·

205 418 299 481 λον
317 415 429 500 διψῶν
445 416 502 481 καὶ
502 413 752 537 πιμπλάμενος
769 407 940 479 οόδέποτε

208 537 224 585 ο
297 518 397 587 Ταυτὶ
415 513 453 585 οὐ
470 542 519 600 μοι
502 513 598 585 Δία
615 511 702 603 πρὸς
714 511 945 604 Νίκανδρον
913 537 970 581 τον
987 511 1128 602 ποιητὴν
1141 517 1280 640 φιλοτι-

241 620 405 703 μούμενος
418 611 602 706 διεξῆλθον,
619 611 723 684 εὕδω
702 640 797 695 οπως
809 627 904 701 υμεις
910 613 1093 701 μάθοιτε
1065 642 1113 697 ως
1128 614 1192 683 σόν
1195 613 1280 702 δμε-

242 722 296 800 λδς
312 726 483 845 γεγένηταί
495 745 564 809 μοι
574 723 693 812 φάσεις
713 725 780 786 τῶν
796 724 959 804 Λιβυκῶν
973 717 1121 812 ἑρπετῶν
1137 719 1278 789 εἰδέναι·

243 821 417 910 ἰατρῶν
381 848 443 910 γαρ
461 818 500 890 ἂν
517 818 678 907 μάλλονι
661 847 679 890 υ
699 820 835 900 ἔπαινος
852 821 918 910 εἴη,
943 817 1032 900 εἶς’
1013 821 1135 909 ανάγκη
1153 822 1279 892 εἰδέναι

239 932 358 1007 ταῦτα,
382 922 428 1004 ῶς
449 927 505 991 καὶ
526 922 720 1009 άμόνασθαι
739 921 827 992 αὐτὰ
844 921 929 1008 μετὰ
949 929 1008 1012 τῆς
1028 928 1139 1009 τέχνης
1156 923 1277 1007 έχοιεν·

242 1022 327 1094 άλλά
338 1051 399 1112 μοι
414 1028 500 1094 δοκῶ
513 1066 557 1077 -
568 1030 624 1095 καί
638 1026 724 1117 πρὸς
737 1029 850 1116 φιλίου
865 1023 909 1114 μὴ
925 1025 1142 1113 δυσχεράνητε
1156 1023 1214 1113 τὴν
1228 1026 1279 1094 εἰ·

241 1131 322 1197 κόνα
334 1129 489 1219 θηριώδη
504 1120 606 1198 οὖσαν
620 1172 661 1182 -
674 1125 792 1215 ὅμοιόν
808 1132 911 1197 τεκαὶ
926 1126 1029 1208 αὐτὸς
1045 1135 1172 1197 παθεῖν
1188 1128 1279 1219 πρὸς

238 1228 327 1315 ὑμᾶς
336 1230 406 1300 οἷον
417 1230 534 1300 ἐκεῖνοι
542 1233 711 1317 πάσχουσι
720 1230 806 1323 πρὸς
814 1230 853 1299 τὸ
863 1231 967 1300 ποτὸν
977 1231 1010 1298 ολ
1024 1232 1197 1318 δηχθέντες
1205 1228 1278 1302 ὑπὸ

239 1338 298 1422 τῆς
310 1334 471 1427 διψάδος.
499 1331 568 1426 όσῳ
587 1334 649 1426 γάρ
668 1332 707 1404 όν
726 1336 784 1404 ἐπὶ
800 1338 902 1403 πλέον
915 1339 1027 1425 παρίω
1044 1333 1091 1413 εἰς
1104 1331 1199 1418 όμᾶς,
1217 1358 1278 1403 τοι

241 1436 350 1525 σοότηι
359 1440 484 1521 μᾶλλον
497 1435 656 1528 ὀρέγομαι
668 1445 728 1507 τοῦ
742 1438 937 1526 πράγματος
949 1433 1050 1504 καὶτὸ
1062 1438 1164 1523 δίψος
1178 1435 1278 1522 άσχι-

239 1564 297 1606 τον
313 1536 512 1608 όπειοιάεταί
527 1528 588 1626 μοι
604 1544 660 1609 καί
677 1541 769 1610 ἐοικα
782 1536 855 1609 οὐδ’
867 1536 1173 1628 ἐμπλησθήσεσθαί
1190 1565 1277 1609 ποτε

239 1646 300 1707 τοῦ
316 1642 470 1710 τοιούτου
484 1649 602 1710 ποτοῦ.
629 1645 685 1710 καὶ
696 1643 788 1728 μάλα
801 1641 952 1722 εἰκότως·
969 1648 1037 1710 ποῦ
1050 1640 1112 1730 γὰρ
1132 1638 1172 1711 ἂν
1186 1637 1275 1714 οὕτω

108 1772 114 1779 ·
242 1742 363 1810 διειδεῖ
382 1768 419 1812 τε
441 1747 497 1811 καὶ
517 1751 658 1833 καθαρῷ
680 1740 783 1813 όδατι
797 1743 979 1829 ἐντόχοιμις
1002 1739 1088 1812 δι’στε
1111 1745 1276 1832 σύγγνωτε

241 1843 272 1911 εἰ
295 1845 431 1933 δηχθεὶς
451 1850 508 1914 καὶ
530 1844 630 1927 αὕτὸς
649 1846 708 1935 τὴν
725 1845 833 1935 ψυχὴν
854 1844 980 1935 ἡδίστῳ
1002 1847 1183 1935 τούτῳκαὶ
1203 1843 1277 1934 όγι-

239 1950 398 2035 εινστάτῳ
423 1955 472 2037 τῷ
500 1950 642 2039 δήγματι
664 1949 874 2040 ἐμφοροῦμαι
897 1947 1027 2033 χανδὸν,
1054 1946 1200 2028 ὑποθεὶς
1224 1954 1276 2038 τῷ

237 2056 363 2138 κρουνῷ
388 2049 448 2139 τὴν
468 2053 622 2142 κεφαλήν.
663 2053 714 2142 ε’ίη
739 2053 840 2137 μόνον
864 2050 910 2140 μὴ
938 2050 1105 2120 ἐπιλιπεῖν
1126 2050 1169 2119 τὰ
1191 2049 1273 2141 παρ’

119 2210 123 2217 .
238 2147 331 2236 ὖμῶν
350 2150 544 2242 ἐπιρρέοντα
561 2152 640 2243 μηδ’
653 2154 849 2238 ἐκχυθεῖσαν
865 2151 924 2243 τὴν
941 2150 1090 2243 σπουδὴν
1101 2159 1160 2241 τῆς
1175 2150 1276 2240 άκρσ-
1323 2236 1333 2243 Ὀ

238 2253 347 2335 άσεως
362 2257 518 2344 κεχηνότα
541 2256 591 2325 ότι
611 2259 666 2324 καὶ
685 2259 837 2344 διψῶντα
854 2258 1061 2338 καταλιπεῖν,
1086 2252 1132 2336 ῶς
1148 2257 1275 2343 δίψους
1385 2310 1390 2339 ,

238 2379 275 2442 γε
293 2355 384 2425 ἕνεκα
401 2355 527 2442 τούμοῦ
544 2355 630 2447 πρὸς
648 2355 734 2443 ὖμᾶς
756 2356 850 2427 οὐδὲν
869 2355 909 2426 δν
931 2357 1052 2426 ἐκῶλυε
1073 2364 1180 2426 πίνειν
1201 2354 1273 2425 dec·

237 2455 322 2524 κατὰ
339 2457 401 2548 γάρ
419 2457 477 2527 τὸν
495 2459 601 2550 σοφὸν
618 2460 782 2529 Πλάτωνα
797 2460 896 2548 κόρος
913 2456 1022 2541 υόδείς
1038 2467 1105 2529 τῶν
1121 2461 1240 2529 καλῶν.
1263 2526 1270 2535 ,

404 2714 658 2782 ΔΙΑΛΕΞΙΣ
685 2714 825 2784 ΠΡΟΣ
851 2714 1101 2784 ΗΣΙΟΔΟΝ.

123 2864 126 2871 ’
202 2886 218 2936 1
287 2881 462 2938 ΔΥΚΙΝΟΣ.
503 2866 598 2936 Ἀλλὰ
623 2866 764 2957 ποιητὴν
789 2868 849 2953 μέν
875 2865 1009 2959 άριστον
1038 2865 1127 2938 εἶναί
1154 2892 1206 2950 σε,
1240 2859 1272 2937 ὦ

232 2963 371 3050 Ἡσίοδε,
389 2971 446 3036 καὶ
462 2977 563 3038 τοῦτο
581 2971 675 3061 παρά
688 2977 830 3040 Μουσῶν
849 2969 1056 3057 λαβεῖνμετὰ
1070 2977 1128 3060 τῆς
1141 2971 1272 3061 δάφνης
1388 2978 1389 3003 ¹

236 3066 338 3149 αότός
353 3097 390 3139 τε
409 3073 564 3154 δεικνύεις
582 3073 616 3141 ἐν
634 3071 684 3154 οἷς
702 3085 813 3154 ποιεῖς
830 3112 873 3124 -
891 3072 992 3142 ἐ’νδεα
1005 3072 1075 3164 γάρ
1093 3076 1148 3141 καί
1166 3073 1271 3160 σεμνδι

234 3173 411 3240 πάντα-
421 3172 528 3242 καῖ’
508 3188 604 3264 ημεῖς
625 3175 826 3261 πιστεύομεν
852 3200 958 3256 ουτως
980 3176 1078 3260 ἐχειν·
1105 3175 1210 3244 ἐκεῖνο
1232 3177 1271 3245 δδ

234 3272 407 3364 ἀπορῆσαι
429 3275 531 3360 άξιον,
555 3306 574 3345 τ
576 3279 737 3367 ίδήποτε
758 3277 931 3367 προειπὼν
951 3275 1037 3365 όπέρ
1060 3285 1197 3360 σαυτοῦ,
1224 3275 1271 3359 ῶς
1387 3376 1388 3379 η

235 3376 293 3444 διὰ
309 3385 406 3446 τοῦτο
425 3380 592 3465 λάβοις
558 3407 617 3468 την
634 3386 819 3450 θεσπέσιον
841 3380 908 3449 ἐκεί
895 3387 963 3468 ίνην
982 3378 1068 3469 ᾠδὴν
1090 3362 1184 3468 παρὰ
1201 3386 1270 3448 τῶν
1387 3436 1388 3443 ,

201 3501 207 3505 ·
234 3478 378 3562 θεῶν,τ
365 3477 459 3562 όπως
479 3486 601 3563 κλείοις
621 3487 678 3550 καὶ
698 3480 835 3571 ὖμνυίης
856 3482 898 3551 τὰ
925 3483 1187 3573 παρεληλυθότα
1212 3484 1272 3561 καί
1387 3492 1388 3501 ’

232 3582 469 3665 θεσπίζοις
431 3611 475 3652 τα
498 3584 652 3672 ἐσόμενα,
681 3586 826 3676 θάτερον
851 3587 911 3670 μὲν
937 3588 994 3652 καί
1018 3586 1107 3654 πάνυ
1131 3585 1271 3665 ἐντελῶς

234 3683 437 3775 ἐξενήνοχας,
460 3694 552 3756 θεῶν
574 3713 613 3755 τε
629 3693 775 3776 γενέσεις
797 3689 1010 3777 διηγούμενος
1033 3686 1109 3778 άχρι
1124 3692 1182 3756 καί
1201 3690 1272 3757 τῶν

232 3789 376 3878 πρῶτων
394 3789 532 3873 ἐκείνων,
554 3791 657 3874 χάους
674 3795 731 3860 καὶ
746 3799 805 3880 γῆς
821 3795 876 3858 καὶ
896 3789 1038 3879 οὐρανοῦ
1059 3792 1117 3858 καὶ
1134 3788 1269 3877 ἔρωτος,

234 3889 284 3957 ἐτι
306 3893 342 3960 δὲ
363 3900 523 3980 γυναικῶν
546 3891 665 3985 ἀρετὰς
685 3898 740 3963 καλ
761 3899 975 3985 παραινέσεις
995 3892 1188 3984 γεωργικὰς,
1212 3893 1272 3962 καλ

234 3987 299 4060 ὅσα
315 3998 394 4085 περί
406 3996 578 4066 Πλειάδων
595 4000 651 4067 καὶ
669 3993 733 4067 ὅσα
749 4001 828 4087 περὶ
840 4004 963 4088 καιρῶν
977 3994 1099 4088 ἀρότου
1113 3997 1170 4067 καί
1182 3990 1274 4085 ἀμή-
