2792 4580
229 232 299 302 210
622 240 879 301 Δοναιιαου

233 330 402 421 ἑαλωκότα
421 349 622 438 θεραπεύων
644 351 908 439 Πολυπρέποντα
933 345 990 416 τὸν
1017 343 1167 434 αῦλητήν.
1206 353 1265 417 καί

231 457 343 522 τιικαί
364 456 491 540 γελοῖον
514 452 707 539 διηγήσατο·
734 450 797 539 ’ἐφη
820 451 880 535 μὲν
900 449 962 540 γὰρ
988 446 1261 543 εἰσελθεῑνπαρ’

130 641 133 645 ⁴
229 553 333 624 αύτὸν
352 553 409 622 οὐκ
427 553 524 634 εἰδῶς
542 553 693 637 ἐχόμενον
709 549 772 641 ήδη
790 559 838 640 τῷ
856 553 978 633 πάθει,
1002 551 1059 620 τδν
1083 556 1119 622 δέ
1135 554 1282 638 ταχέως

231 656 420 726 ἀναστάντα
438 656 625 725 ἐπικλεῖσαί
639 681 676 723 τε
694 654 752 744 τήν
770 655 880 743 θύραν
892 657 950 721 καὶ
963 656 1109 743 ξιφίδιον
1128 658 1263 726 σπασά·

232 786 329 848 μενον
346 757 509 828 ἀναδόντα
527 755 618 846 αύτῷ
635 756 713 837 τοὺς
731 754 852 836 αῦλοὺς
872 757 1015 824 κελεύειν
1037 755 1163 841 αὐλεῖν,
1190 756 1263 827 εἶτα

229 862 308 930 έπεί
319 861 364 949 μὴ
379 858 522 943 δύναιτο,
537 866 649 928 παίειν
664 866 780 938 σκῦτος
794 859 908 942 ’έχοντα
926 859 974 938 εἰς
986 856 1108 941 ύπυίας
1120 861 1182 941 τὰς
1191 874 1262 945 χεῖ·

195 1024 200 1029 ,
232 991 302 1055 ρας.
337 966 431 1043 τέλος
454 955 510 1031 οὖν
533 962 566 1030 έν
588 963 737 1050 τοσαύτην
759 962 896 1048 κινδύνῳ
921 960 1095 1050 ἐπινοῆσαι
1115 963 1262 1031 τοιόνδε·

233 1067 282 1146 είς
304 1063 415 1152 ἀγῶνα
435 1064 497 1152 γὰρ
520 1067 796 1154 προκαλέσασθαι
818 1060 918 1130 αὐτὸν
940 1062 998 1131 ἐπὶ
1019 1067 1107 1153 ῥητῷ
1128 1067 1263 1154 πληγῶν

233 1166 384 1255 ἀριθμῷ,
408 1171 464 1234 καὶ
480 1173 613 1256 πρῶτον
635 1167 694 1251 μὲν
712 1163 811 1245 αὐτὸς
830 1162 970 1252 αύλῆσαι
987 1168 1153 1256 πονήρως,
1176 1164 1263 1252 μετὰ

142 1283 148 1287 ’
232 1272 269 1337 δέ
286 1268 457 1360 παραδούς
472 1269 549 1348 τούς
567 1266 688 1348 αῦλοῦς
707 1267 815 1355 έκείνφ
836 1268 998 1348 δέξασθαι
1016 1265 1094 1358 παρ’
1106 1265 1207 1337 αὐτοῦ
1221 1268 1262 1338 τό

227 1378 349 1451 σκῦτος
369 1374 425 1438 καί
446 1369 484 1438 τὸ
508 1372 730 1460 ξιφίδιον’καὶ
752 1366 943 1459 ἀπορρῖψαι
962 1369 1103 1453 τάχιστα
1125 1369 1182 1438 διὰ
1202 1378 1262 1460 τῆς

232 1481 437 1561 φωταγωγοῦ
456 1472 489 1552 ές
506 1471 544 1540 τὸ
563 1469 734 1560 ύπαιθρον
751 1478 809 1559 τῆς
827 1469 940 1560 αῦλής,
964 1471 1075 1539 καὶτὸ
1095 1469 1164 1541 ἀπὸ
1182 1475 1261 1540 τοῦ·

229 1601 288 1642 του
309 1574 553 1664 ἀσφαλέστερον
570 1572 631 1661 ήδη
650 1577 892 1659 προσπαλαίων
916 1570 1004 1662 αύτηῦ
1022 1573 1261 1643 ἐπικαλεῖσθαι

230 1677 307 1756 τοὺς
324 1683 544 1763 γειτνιῶντας,
569 1672 624 1763 ἀφ’
642 1666 686 1742 ῶν
709 1672 971 1747 ἀνασπασάντων
992 1674 1032 1743 τό
1054 1677 1174 1766 θύριον
1193 1700 1283 1745 σω-·

155 1771 162 1785 ’
230 1785 334 1866 θηται
360 1774 469 1858 αῦτός.
515 1776 636 1844 ἐδείκνυ
666 1778 701 1844 δὲ
727 1780 782 1844 καὶ
809 1791 929 1866 σημεῖα
953 1785 1018 1847 τῶν
1044 1782 1178 1867 πληγῶν
1205 1780 1261 1847 καί

229 1877 358 1963 ἀμυχάς
374 1905 467 1958 τινας
484 1878 542 1947 ἐπὶ
558 1886 617 1946 τοῦ
635 1880 832 1965 προσῶπου.

280 1985 348 2051 Καὶ
365 1978 383 2050 ὃ
401 1983 459 2066 μὲν
473 1982 624 2062 Διόνικος
643 1980 681 2050 ού
700 1995 793 2068 μεῖον
807 1981 1023 2071 εὐδοκιμήσας
1040 1989 1099 2051 τοῦ
1117 1986 1260 2069 γελωτο-

229 2090 333 2151 ποιοῦ
351 2080 409 2153 έπί
425 2091 466 2174 τῇ
484 2086 632 2173 διηγήσει
649 2088 790 2172 πλησίον
810 2092 870 2153 τοῦ
885 2082 1037 2153 Ἱστιαίου
1059 2084 1260 2172 παραβύσας

229 2180 345 2253 ’ἑαυτὸν
372 2186 514 2256 ἐδείπνει
540 2184 605 2254 ὅσα
626 2185 743 2268 λοιπὰ,
773 2184 831 2255 οῦκ
858 2178 933 2255 ἀνευ
960 2193 1045 2255 θεοῦ
1070 2212 1159 2266 τινος
1180 2184 1259 2276 ἡμῖν

228 2287 417 2374 ἐπιπαρών,
440 2286 524 2357 ἀλλά
541 2292 597 2356 καὶ
614 2290 701 2356 πάνυ
718 2290 879 2378 χρήσιμος
895 2303 967 2370 τοῖς
983 2287 1067 2375 μετὰ
1084 2296 1189 2357 ταῦτα
1205 2314 1260 2377 γε-

178 2411 210 2462 21
226 2396 409 2478 γενημένος.
453 2390 635 2478 παρελθών
665 2391 727 2480 γὰρ
759 2391 793 2471 ές
821 2391 860 2459 τὸ
891 2397 992 2477 μέσον
1024 2391 1151 2480 οἰκέτης
1176 2390 1257 2481 παρ’

226 2490 469 2578 Ἑτοιμοκλέους
482 2500 541 2561 τοῦ
549 2501 696 2561 Στωϊκοῦ
710 2489 798 2582 ήκειν
811 2498 911 2580 λέγων
924 2497 1164 2584 γραμματίδιον
1179 2495 1260 2578 ’έχων

228 2599 379 2663 κελεῦσαί
397 2597 430 2663 οί
448 2595 511 2685 έφη
530 2594 586 2664 τὸν
605 2597 768 2684 δεσπότην
787 2595 819 2664 έν
836 2604 884 2684 τῷ
901 2605 1000 2685 κοινηῦ
1016 2595 1196 2685 ἀναγνόντα
1210 2597 1260 2677 είς

229 2698 370 2787 ἐπήκοον
393 2694 518 2765 άπαοιν
542 2694 652 2766 όπίσω
675 2691 778 2779 αὖθις
801 2695 1086 2768 ἀπαλλάττεσθαι.
1123 2699 1261 2788 ἀφέντος

167 2839 174 2849 ⁴
230 2791 286 2868 οάν
307 2808 366 2866 τοῦ
381 2797 618 2889 Ἀρισταινέτου
640 2800 841 2893 προσελθὼν
863 2801 948 2892 πρὸς
968 2800 1026 2870 τὸν
1048 2802 1162 2886 λύχνον
1185 2799 1261 2869 ἀνε-

227 2907 409 2990 γίγνωσκεν.
1034 2946 1036 2949 -
1108 2907 1116 2919 ’
1386 2952 1387 2959 1

280 3019 354 3073 ΦΙΛ.
385 2996 424 3072 Ἢ
438 3030 519 3088 που,
539 2998 567 3072 ὦ
580 2984 712 3087 ’Λυκῖνε
731 3012 790 3093 τής
806 3006 937 3096 νύμφης
954 3005 1122 3094 έγκῶμίον,
1142 3004 1164 3094 ἢ
1182 3004 1262 3076 έπι-
1382 2994 1386 3007 ⁴

228 3107 404 3191 θαλάμιον,
426 3105 481 3175 οἷα
497 3107 607 3176 πολλὰ
624 3115 795 3192 ποιοῦσινς

277 3223 362 3280 ΛΥΚ.
385 3207 509 3295 Ἀμέλει
525 3214 582 3278 καὶ
594 3208 688 3299 ἡμεῖς
701 3212 852 3279 τοιοῦτόν
864 3237 898 3279 τι
916 3209 1082 3300 ᾠήθημεν,
1103 3208 1172 3279 ἀλλ’
1181 3209 1258 3281 οάδ’

227 3309 320 3400 έγγδς
336 3302 375 3399 ἦν
391 3313 525 3381 τούτου·
545 3312 758 3405 ἐνεγέγραπτο
776 3314 853 3404 γάρ·

175 3432 208 3483 τε
279 3440 478 3484 τεοιιιοιειετ
494 3441 670 3485 οωοτοοοτ
684 3442 893 3505 mmmm.
913 3411 1020 3496 Ὅπως
1031 3417 1090 3501 μέν
1099 3416 1161 3500 λέγω
1171 3414 1262 3506 πρὸς
1383 3502 1384 3507 ¹

226 3516 346 3584 δεῖπνα
364 3513 382 3585 δ
401 3519 644 3608 παρεληλυθώς
660 3544 725 3604 μου
741 3525 816 3605 βίος
834 3514 924 3598 ἀπας
945 3519 1124 3609 μαρτύριον
1142 3517 1182 3589 ἀν
1203 3526 1261 3607 γέ-

224 3645 331 3703 νοιτο,
360 3615 399 3700 ός
419 3644 456 3709 γε
479 3619 640 3712 ὁσημέραι
660 3624 794 3690 πολλῶν
816 3621 1031 3706 δνοχλούντων
1053 3619 1147 3709 παρὰ
1168 3620 1258 3690 πολύ

227 3731 287 3794 σοῦ
319 3727 574 3816 πλουσιωτέρων
600 3720 692 3810 ὅμως
723 3721 941 3793 ούδεπιόποτε
972 3730 1082 3815 φέρων
1114 3722 1260 3810 ἐμαυτὸν

227 3818 391 3912 ἀπέδωκα,
415 3826 513 3909 εἰδὼς
528 3827 606 3909 τοὺς
620 3827 681 3898 έπί
698 3841 769 3910 τοῖς
791 3834 992 3914 συμποσίοις
1012 3829 1183 3918 θορύβους
1199 3827 1260 3894 καί

226 3938 413 4018 παροινίας.
450 3931 507 4000 έπί
529 3939 595 4023 σοῦι
613 3935 649 4002 δέ
669 3934 771 4019 μόνου
795 3933 931 4012 εἰκότως
953 3929 1175 4019 ἀγανακτῆσαί
1195 3951 1260 4014 μοι

228 4034 330 4117 δοκῶ,
350 4034 387 4115 ὃς
404 4043 562 4105 τοσοῦτον
577 4037 694 4127 χρόνον
710 4033 766 4106 ἀπ’
782 4036 863 4124 ἐμοῦ
881 4038 1032 4126 λιπαρῶς
1047 4039 1260 4122 τεθεραπευ-
