2782 4574
107 315 109 325 Ι
224 220 320 286 115
582 207 861 286 εστωσαν

219 335 298 422 μεθ’
308 332 410 425 ἡμῶν,
430 330 497 402 ἀλλ’
514 331 572 402 οάκ
589 330 654 403 οἷδ’
665 329 757 402 όπου
775 341 831 402 νύν
849 333 970 414 ἐκεῖνός
987 333 1075 402 ἐστιν
1093 331 1260 403 amaa--

195 462 200 489 ³
218 439 336 528 νηθεὶς
354 437 451 525 ίντῴ
468 438 596 525 πλήθει
611 443 677 505 τῶν
691 443 833 505 θεατῶν.
862 433 938 523 άχρι
954 436 1085 524 μὲνγὰρ
1099 437 1257 525 τῆςνεδις

221 539 292 627 ἀμα
309 539 456 631 ἤλθομεν
473 542 529 607 καὶ
547 536 691 619 ἀνιόντες
709 540 757 619 εἰς
775 537 875 627 αὐτὴν
898 537 938 607 σὺ
959 541 1027 624 μὲν,
1052 537 1160 625 οἶμαι,
1183 542 1253 610 Σά-

219 670 345 729 μιππε,
369 643 520 731 προῄεις,
535 640 627 726 ,μετὰ
649 638 696 710 σέ
710 643 747 709 δὲ
769 639 787 709 5
807 638 1012 727 Ἀδείμαντος
1032 632 1085 731 ἦν,
1114 638 1170 709 εἶτ’
1187 640 1253 729 δγο)

221 742 289 830 μετ’
305 745 424 812 ἐκεῖνον
443 743 595 829 ἐχόμενος
613 741 714 812 αδτού
732 741 946 834 ἀμφοτέραις.
982 750 1039 811 καί
1054 769 1096 829 με
1115 742 1173 812 διὰ
1192 751 1265 834 τῆςἸ

221 846 426 933 ἀποβάθρας
448 843 526 934 ὅλης
552 851 754 936 παρέπεμψε
778 853 985 934 χειραγωγῶν
1010 843 1256 931 ὑποδεδεμένον

121 942 124 953 ’
222 947 428 1036 ἀνυπόδητος
451 947 550 1029 αὐτὸς
573 946 627 1017 τόν.
663 948 701 1017 τὸ
726 947 794 1017 ἀπὸ
817 950 934 1017 τούτου
958 950 994 1015 δέ
1016 947 1125 1018 οὐκέτι
1150 947 1252 1019 αὐτὸν

222 1049 309 1121 εἶδον
328 1048 403 1120 ούτε
422 1052 512 1120 ἐ’νδον
530 1048 606 1119 ούτε
624 1051 698 1119 έπεὶ
714 1052 992 1140 κατεληλύθαμεν.
1066 1084 1069 1089 ·

186 1176 204 1224 2
272 1169 478 1226 ΣΑΜΙΠΠΟΣ.
515 1151 638 1235 Οἶσθα,
659 1143 837 1236 ὦΛυκῖνε,
862 1150 949 1222 δπον
966 1151 1054 1243 ἡμᾶς
1072 1150 1252 1239 ἀπέλιπεν,·

222 1253 335 1339 όπότε,
356 1254 459 1343 οἶμαι,
478 1255 516 1324 τὸ
536 1255 658 1342 ὡραῖον
675 1255 779 1324 Ιέκεῖνο
791 1258 961 1345 μειράκιον
974 1256 1009 1324 ἐκ
1021 1264 1079 1345 τῆς
1092 1258 1253 1344 θαλάμης

220 1362 387 1448 προῆλθε,
414 1358 453 1427 τὸ
475 1357 534 1447 τὴν
559 1356 712 1485 καθαρὰν
738 1356 862 1483 ὀθόνην
884 1357 1064 1441 ἐνδεδυκός,
1093 1355 1250 1427 ἀναδεδε-

220 1467 316 1546 μένον
334 1460 368 1542 ές
384 1458 487 1530 τούπί
488 1486 536 1530 σω
554 1460 611 1550 τὴν
628 1463 736 1630 κόμην
754 1458 843 1530 ἐπ”
823 1463 997 1550 ἀμφότερα
1013 1467 1073 1529 τού
1061 1463 1250 1631 ἷμετιύπου

221 1562 417 1686 ἀπηγμένην.
454 1563 556 1630 είί
501 1569 610 1631 τοίνυν
628 1560 692 1650 ἐγω
679 1561 912 1661 Αδείμαντον
931 1590 949 1632 ο
951 1561 1019 1645 ί,δα
1040 1560 1147 1659 οἶμαι,
1171 1566 1252 1688 γλα-

208 1665 328 1755 ’φορὸν
346 1661 433 1732 οότω
455 1670 571 1764 θέαμα
593 1664 715 1744 ἐκεῖνος
738 1656 817 1734 ίδὼν
838 1665 947 1756 μακρὰ
968 1672 1092 1753 χαίρειν
1115 1667 1254 1755 φράσας

219 1774 267 1855 τῷ
293 1766 466 1853 Αἰγυπτίῳ
494 1774 650 1855 ναυπηγῷ
677 1774 922 1857 περιηγουμένῳ
953 1767 992 1835 τὸ
1019 1770 1136 1836 πλοῖον
1136 1796 1252 1893 παρ-

220 1875 334 1957 έστηκε
356 1864 560 1957 δακρύων,ἶ
539 1866 653 1972 ιόσπερ
676 1871 795 1938 ε’ίωθε
821 1870 1024 1960 ταχύδακρυς
1045 1869 1107 1958 γὰρ
1131 1868 1251 1960 όάνὴρ

220 1970 256 2052 59
270 1997 313 2038 τα
298 1969 481 2060 ἐρωτικά.

270 2089 355 2144 ΛΥΚ.
394 2071 517 2140 Καὶ
476 2099 540 2161 μην
558 2070 596 2141 ού
615 2074 701 2142 πάνυ
720 2066 885 2156 καλὸς,
857 2102 883 2142 ω
901 2075 1077 2159 Σάμιππε,
1097 2072 1115 2141 5
1133 2100 1251 2164 μειρα-

219 2181 329 2254 κίσκος
355 2174 447 2257 ἔδοξέ
472 2201 544 2260 μοι,
573 2173 619 2256 ὥς
645 2173 685 2245 ἀν
711 2179 766 2243 καὶ
789 2173 994 2261 Ἀδείμαντον
1021 2176 1192 2265 ἐκπλῆξαι,
1221 2167 1249 2269 ᾦ

218 2283 374 2345 τοσοῦτοι
384 2273 541 2366 Ἀθήνησι
553 2282 649 2345 καλοὶ
662 2278 808 2359 ἕπονται,
824 2279 949 2358 πάντες
963 2279 1143 2365 ἐλεύθεροι,
1164 2303 1250 2345 στω-

219 2380 319 2463 μύλοι
331 2378 370 2446 τδ
384 2384 487 2468 φθίγγ
488 2406 531 2462 ια,
546 2384 755 2471 παλαίστρας
765 2379 996 2462 ἀποπνέοντες,
1012 2378 1063 2458 οἷς
1075 2384 1251 2468 καὶπαρα-

219 2480 434 2570 δακρύσαι’
399 2507 456 2549 ουκ
474 2480 616 2609 ἀγεννές·
636 2473 731 2563 οὗτος
745 2485 781 2551 55
793 2480 928 2607 πρὸς
891 2510 938 2550 τω
924 2484 1149 2571 ’μελάγχρους
1162 2479 1250 2550 εἶναι

219 2586 275 2650 καί
297 2583 509 2671 προχειλής’
496 2609 566 2651 εστι
591 2588 647 2651 καὶ
672 2583 843 2666 λεπτὸς”
820 2611 901 2672 αγαν
926 2599 997 2653 τοῖν
1024 2588 1164 2666 σκελοῖν,
1191 2588 1250 2653 καλ

141 2776 143 2781 Α
219 2685 401 2773 ἐφθέγγετο
425 2680 679 2775 ἐπισεσυρμένον
699 2714 734 2755 τι
755 2690 810 2754 καὶ
815 2689 960 2855 ὲσυνεχὲς
981 2691 1037 2754 καὶ
1063 2669 1247 2775 ἐπίτροχον,

215 2785 395 2875 Ἑλληνιστὶ
416 2789 484 2871 μὲν,
514 2786 547 2867 59
568 2786 606 2856 τὸ
630 2791 898 2877 πάτριονδέτῴ
921 2789 1027 2878 ψόφῳ
1045 2792 1168 2878 καὶτῷ
1191 2796 1250 2878 τῆς

218 2895 331 2977 φωνῆς
347 2888 443 2976 τόνῳ,
462 2886 483 2977 5
502 2891 584 2977 κόμη
605 2892 641 2959 δέ
658 2895 713 2958 καλ
731 2891 766 2970 59
781 2887 883 2959 τοάπί
884 2916 931 2959 σω
951 2918 969 2959 ο
958 2889 1156 2977 πλόκαμος
1173 2918 1250 2963 συν-
1256 2898 1259 2903 ’

218 2990 507 3079 εσπειραμένος’
471 3017 529 3059 ουκ
547 2990 779 3083 ἒλεύθερον’
741 2995 839 3062 αυτόν
857 2979 958 3084 φησίν
977 2992 1070 3064 εἶναι.

182 3115 200 3163 3
269 3108 347 3164 ΤΙΜ.
384 3100 485 3162 Τοῦτο
508 3094 623 3180 μέν’
589 3103 711 3184 ενγενεί
711 3123 763 3178 ας,
788 3088 817 3164 5
838 3109 971 3179 Λυκῖνε,
1001 3099 1137 3187 σημεῖόν
1158 3098 1255 3168 έστιν

216 3194 477 3282 Αἰγυπτίοις,
457 3225 479 3285 η
504 3200 603 3286 κόμη·
632 3194 776 3280 ἅπαντες
801 3198 863 3288 γὰρ
891 3198 990 3289 αὐτὴν
1017 3202 1051 3268 οἱ
1076 3200 1251 3291 ἐλεύθεροι

218 3301 338 3378 παῖδες
356 3297 594 3370 ἀναπλέκονται
612 3300 686 3370 όστε
707 3301 793 3389 πρὸς
814 3301 852 3370 τὸ
871 3300 1037 3392 ἐφηβικόν,
1062 3303 1205 3389 ἔμπαλιν
1225 3299 1249 3391 5

218 3399 254 3468 οῖ
276 3401 437 3490 πρόγονοι
462 3400 567 3490 ἡμῶν,
596 3402 647 3484 οἷς
674 3405 781 3472 ἐδόκει
805 3403 904 3474 καλὸν
930 3399 1014 3475 εἶναι
1040 3414 1144 3492 κομᾶν
1169 3404 1249 3487 τοὺς

217 3508 380 3590 γέροντας,
401 3502 642 3591 ἀναδουμένους
658 3506 857 3596 κρωβύλον(
838 3505 905 3576 υπὸ
924 3514 1047 3598 τέττιγι
1061 3534 1172 3657 χρνσῳ
1191 3506 1251 3579 ἀν

180 3694 187 3701 Ἀ
217 3609 418 3694 ειλημμένον.

269 3725 356 3781 ΣΑΜ.
390 3701 504 3797 Εὖγε,
525 3737 551 3777 ω
537 3703 761 3796 Τιμόλαε,’
741 3741 794 3783 οτι
811 3711 897 3804 ἡμᾶς
915 3711 1247 3804 ἀναμιμνήσκειςτῶυ

218 3813 416 3881 Θουκυδίδου
438 3817 710 3903 συγγραμμάτων,
736 3818 757 3885 5
775 3817 813 3886 ’έν
834 3824 1073 3908 τῳπροοιμίῳ
1093 3821 1250 3906 περὶτῆς

218 3909 356 4004 ἀρχαίας
372 3911 465 4003 ἡμῶν
482 3926 609 4009 τρυφῆς
627 3917 723 3991 εἶπεν.
737 3922 770 3991 ἐν
781 3935 853 4007 τοῖς
863 3917 980 4007 Ἴωσιν,
1001 3919 1106 3991 όπότε
1125 3920 1158 3991 ολ
1169 3919 1250 3991 τότε

215 4022 529 4110 συναπῳκίσθησαν.
