2792 4580
238 217 305 285 244
625 229 883 287 ΔΟΥΚΙᾹΝΟΥ
973 274 978 279 .

286 334 362 425 “Νὴ
379 333 478 418 Ata?
503 333 592 418 εἶπε,
716 333 962 423 “δημοθοινίας
982 359 1019 402 τε
1040 335 1097 402 καὶ
1116 337 1274 422 χορηγίας

196 443 200 449 ’
239 438 454 518 ἐθελουσίους
474 442 534 507 καλ·
550 445 765 528 τριηραρχίας
783 441 840 504 καὶ
860 429 968 520 τεῖχος
988 440 1045 505 καὶ
1065 437 1194 525 τάφρον
1215 439 1274 517 καὶ

139 548 146 555 ’
238 542 348 621 λύσεις
366 543 582 627 αἰχμαλώτων
598 546 654 609 καί
671 547 850 628 παρθένων
869 540 1027 620 ίκδόσεις,
1053 539 1189 630 ἀρίστην
1207 564 1275 608 πο-

238 647 369 725 λιτείαν,
383 648 441 711 καὶ
462 651 641 731 πρεσβείας
663 648 719 711 καὶ
740 650 944 729 νομοθεσίας
964 647 1020 710 καὶ
1041 650 1186 730 μέγεθος
1207 669 1276 710 πο-

237 749 441 831 λιτευμάτων
464 748 619 833 ἐμπεσόν,
655 752 751 834 γελᾶν
778 748 889 814 ἐ’πεισί
912 772 973 832 μοι
998 754 1057 814 τοῦ
1079 745 1140 826 τὰς
1166 742 1275 834 ἀφρός

163 838 165 845 ’
239 850 434 936 συνάγοντος
447 853 503 917 καὶ
516 850 666 963 δεδιότος
678 850 723 939 μὴ
736 852 831 941 λόγοι
843 857 909 918 τῶν
921 854 1159 938 Δημοσθένους
1173 846 1275 916 αὐτὸν

199 1016 204 1023 x
238 952 340 1040 ’ἔργων
358 954 559 1021 έπιλίπυιενι

150 1142 158 1151 .
188 1076 220 1123 17
286 1052 407 1135 “”Ισως
419 1054 511 1143 γάρ,”
533 1057 623 1144 ἔφην,
639 1048 790 1144 “Qash
809 1056 952 1140 νομίζεις
966 1054 1023 1139 ἐμὲ
1036 1056 1077 1144 δὴ
1090 1052 1274 1141 μόνοντῶν

239 1156 272 1224 ἓν
290 1161 442 1249 ῥητορικῇ
460 1162 669 1245 βεβιωκότων
686 1159 730 1247 μὴ
750 1161 1041 1247 διατεθρυλῆσθαι
1052 1156 1096 1225 τά
1110 1149 1180 1225 ὦτα
1195 1172 1274 1239 ταῖς
1336 1152 1341 1157 ’

238 1269 477 1349 Δημοσθένους
495 1260 693 1350 πράξεσιν,·”
733 1316 737 1321 Δ

285 1362 357 1432 “E'c'
370 1363 441 1452 γε,”
467 1365 544 1454 έφη,
565 1363 668 1453 “περλ
689 1365 746 1432 τὸν
767 1365 864 1452 λόγον
887 1364 1079 1454 ἐπικουρίας
1098 1363 1201 1446 τινός,
1225 1360 1275 1445 ὦς

237 1467 277 1536 σὺ
297 1468 375 1556 φῂς,
396 1469 560 1551 δεόμεθα·
583 1466 668 1556 πλην
687 1469 717 1535 εί
733 1470 779 1557 μή
798 1494 836 1536 σε
853 1464 1040 1535 τούναντίον
1057 1473 1186 1551 κατέχει
1203 1469 1274 1534 πά-

237 1578 315 1650 θος,
336 1570 406 1638 οίον
425 1568 524 1660 αὐγῆς
541 1573 818 1660 περιλαμπούσης
836 1570 894 1639 οὐκ
911 1571 995 1653 ἔχεις
1012 1569 1100 1661 πρὸς
1116 1569 1274 1658 λαμπράν

236 1672 295 1760 τὴν
321 1672 559 1761 Δημοσθένους
586 1676 684 1755 δόξαν
710 1674 768 1760 τὴν
795 1672 877 1760 όφιν
903 1672 1096 1759 ἀπερεῖσαι·
1126 1677 1182 1740 καὶ
1208 1673 1273 1761 γὰρ

237 1773 338 1854 αύτός
355 1804 389 1843 τι
406 1782 556 1843 λοιοότον
575 1775 626 1864 ἐφ’
643 1775 765 1864 Ὁμήρῳ
788 1777 872 1843 κατὰ
893 1775 954 1855 τὰς
973 1775 1074 1864 ἀρχὰς
1096 1782 1274 1844 πέπονθα.

236 1882 414 1963 κατέβαλον
432 1887 509 1966 γοῦν
526 1886 644 1966 μικροῦ
664 1881 732 1947 δεῖν
755 1878 800 1959 ὡς
824 1876 882 1947 ούκ
899 1877 1136 1964 ἀντιβλεπτέυν
1156 1877 1195 1946 όν
1210 1905 1273 1963 μοι

237 1980 324 2064 πρὸς
350 1981 408 2067 τὴν
435 1978 612 2049 ἀπόθεσιν.
658 1980 713 2050 εἶτ’
731 1982 793 2070 ἐγὼ
820 1985 879 2067 μὲν
907 1981 964 2049 ούκ
991 1980 1055 2050 οἶδ’
1073 1979 1167 2060 ὅπως
1194 1978 1275 2069 ἀνή-
1379 2062 1380 2069 ¹

236 2109 340 2170 νεγκα,
360 2089 415 2150 καὶ
435 2086 521 2151 δοκιῦ
539 2110 598 2169 μοι
613 2085 696 2153 κατὰ
711 2086 846 2173 σμικρὸν
860 2087 1144 2174 προσεθιζόμενος
1158 2081 1272 2153 ἀντίον
1379 2084 1380 2133 3

237 2182 325 2272 δρᾶν,
345 2185 424 2274 μηδ’
437 2185 636 2275 ἀποτρέπων
656 2185 769 2276 ὥσπερ
788 2187 880 2277 ἡλίου
900 2187 960 2267 τὰς
977 2186 1077 2274 ὄψεις
1090 2190 1195 2266 νόθας
1208 2195 1270 2255 τοῦ

187 2307 218 2354 18
236 2294 302 2355 τιῦν
320 2287 496 2377 Ὁμηριδῶν
518 2299 630 2379 γένους
653 2292 857 2378 ἐλέγχεσθαι.
895 2290 953 2359 σδν
975 2292 1012 2357 δέ
1032 2315 1092 2375 μοι
1114 2298 1272 2378 φαίνεται

235 2394 291 2457 καὶ
308 2392 436 2473 τούτο,”
457 2395 530 2482 ἔφη,
548 2394 656 2460 “noh
672 2397 751 2483 ῥᾷον
770 2393 790 2483 ἢ
808 2394 846 2461 τὸ
864 2392 932 2460 κατ’
945 2393 1002 2477 ἐμὲ
1019 2390 1113 2461 εἶναι.
1140 2402 1198 2482 τῆς
1209 2395 1271 2478 μέν

236 2492 298 2581 γὰρ
314 2492 448 2583 Ὁμήρου
469 2498 575 2583 δόξης,
597 2496 667 2563 οίον
682 2497 739 2563 ἐπὶ
752 2505 832 2582 μιᾶς
846 2495 1011 2585 δρμούσης
1024 2504 1082 2584 τῆς
1096 2502 1271 2584 ποιητικῆς

156 2623 164 2630 ·
237 2597 407 2681 δυνάμεως
430 2596 567 2685 ἀθρόως
589 2598 625 2679 ἐξ
642 2596 782 2688 ἀνάγκης
801 2593 837 2687 ἦν
860 2598 995 2687 ἀπάσης
1017 2603 1199 2682 λαβέσθαι·
1228 2597 1269 2667 σὺ

236 2694 267 2763 δ’
280 2699 309 2764 εἰ
326 2702 385 2782 μὲν
403 2700 459 2766 ἐπὶ
473 2701 530 2766 τὸν
543 2707 759 2789 Δημοσθένην
774 2699 849 2770 ὅλον
865 2703 1001 2789 ἐφάπαξ
1012 2710 1051 2790 τῇ
1064 2702 1174 2789 γνώμη
1188 2701 1272 2788 τρά-
1377 2716 1378 2721 ’

235 2825 331 2879 ποια,
354 2806 411 2867 καὶ
431 2804 522 2887 μάλα
545 2803 583 2870 ἀν
608 2804 750 2890 ἀπορεῖς
772 2809 849 2891 περὶ
871 2804 927 2873 τὸν
949 2806 1045 2891 λόγον
1067 2801 1173 2892 ᾄττων
1192 2799 1283 2870 οὐδ”

236 2901 316 2983 ἔχων
336 2899 413 2969 ὅτου
432 2907 569 2988 πρώτου
587 2915 626 2995 τῇ
644 2910 755 2995 γνιύμη
778 2909 910 2992 λάβοιο,
933 2908 1090 2993 καθάπερ
1110 2907 1142 2973 οἱ
1164 2909 1271 2988 λίχνοι

236 3005 404 3085 πάσχουσι
425 3012 503 3094 περὶ
525 3009 584 3090 τὰς
602 3019 807 3099 Συρακοσίας
825 3011 998 3095 τραπέζας,
1022 3007 1094 3096 ἢοί
1112 3010 1270 3096 φιλήκοοι
1314 3080 1319 3087 ,
1376 3022 1377 3025 ’

235 3109 290 3172 καὶ
309 3110 554 3195 φιλοθεάμονες
577 3112 610 3192 ἒς
631 3119 751 3200 μυρίας
774 3110 990 3197 ἀκουσμάτων
1008 3116 1062 3178 καὶ
1085 3114 1269 3195 θεαμάτων

236 3207 434 3294 ἐμπεσόντες
458 3212 589 3300 ἡδονάς·
613 3214 671 3282 οόκ
695 3214 894 3304 έχουσινάφ
911 3216 948 3302 ἢν
973 3216 1116 3283 ἔλθωσιν
1140 3212 1192 3280 ἀεὶ
1209 3213 1268 3301 τὴν

235 3311 419 3400 έπιθυμίαν
436 3324 680 3400 μετατιθέντες.
709 3317 802 3403 οἶμαι
817 3320 852 3386 δέ
865 3324 921 3384 καὶ
936 3320 972 3386 σὲ
985 3308 1187 3402 μεταπηδᾶν,
1209 3314 1268 3383 οὐκ
1375 3322 1376 3345 ³

235 3415 348 3496 ἐ’χοντα
367 3415 450 3505 ἐφ’ὃ
467 3448 499 3486 τι
519 3430 633 3508 σιαίης
647 3422 679 3488 έν
692 3423 798 3509 κύκλῳ
814 3448 851 3489 σε
865 3422 1112 3509 περιελκόντων,
1134 3420 1267 3508 φύσεως

233 3523 521 3606 μεγαλοπρεποῦς,
543 3519 646 3611 δρμης
664 3527 843 3612 διαπύρου,
863 3532 938 3611 βίου
959 3525 1145 3612 σώφρονος,
1165 3522 1263 3608 λόγου

235 3621 433 3709 δεινότητος,
461 3632 519 3711 της
546 3625 579 3691 ἐν
605 3641 679 3706 ταῖς
705 3631 864 3713 πράξεσιν
891 3626 1055 3713 ἀνδρείας,
1088 3626 1266 3712 λημμάτιον

234 3727 366 3792 πολλῶν
383 3730 437 3793 καὶ
455 3730 605 3813 μεγάλων
622 3727 824 3816 ὑπεροψίας,
845 3731 1053 3816 δικαιοσύνης
1072 3733 1262 3817 φιλανθρω-

135 3908 139 3923 ,
234 3832 315 3905 πίας
333 3834 478 3910 πίστεως
491 3834 701 3919 φρονήματος
714 3841 882 3914 συνέσεως,
898 3833 1040 3901 ’ἑκάστου
1054 3839 1119 3899 τῶν
1133 3833 1265 3898 πολλῶν

233 3932 289 3993 καὶ
310 3932 459 4015 μεγάλων
480 3938 742 4019 πολιτευμάτων.
787 3938 870 4016 ’ίσως
893 3928 949 4003 οὖν
974 3935 1062 4020 δριῦν
1089 3934 1185 4002 ἐ’νθεν
1204 3932 1263 4016 μέν

234 4037 437 4116 ψηφίσματα
450 4043 607 4123 πρέσβεις
621 4040 821 4141 δημηγορίας
833 4040 964 4127 νόμους,
985 4037 1113 4105 έκεῐθεν
1127 4036 1163 4104 δέ
1177 4031 1263 4103 ἀπο·
